3026 5184
99 563 368 684 PUBLII
420 557 868 682 TERENTII
917 553 1130 674 AFRI

16 711 21 1024 l
53 765 56 790 Ι
405 873 788 979 PHORMIO.

480 1102 719 1126 *uo——

396 1264 804 1366 PROLOGUS&

90 1792 249 1861 Retrahere
265 1791 308 1859 ab
328 1789 455 1878 studio,
471 1803 505 1858 et
523 1789 693 1858 transdere
712 1787 882 1857 hominem
902 1789 935 1855 in
956 1789 1079 1872 otium;

89 1897 252 1968 Maledictis
269 1896 456 1984 deterrere,
475 1920 518 1964 ne
537 1895 675 1975 scribat,
698 1908 804 1987 parat.

89 2006 141 2093 Qui
159 2006 200 2072 ita
219 2003 370 2088 dictitat,
390 2025 472 2096 quas
495 1999 636 2070 antehac
657 2000 737 2068 fecit
756 1997 898 2085 fabulas,

88 2112 173 2180 Tenui
190 2135 260 2180 esse
281 2111 431 2180 oratione
452 2122 485 2176 et
503 2107 665 2202 scripturn
688 2104 771 2189 levi,
1119 2119 1130 2157 ⁵

115 2325 249 2392 'retegis
266 2322 364 2376 Donati
377 2320 574 2374 adnotationem
619 2323 693 2380 dere,
713 2319 751 2371 sic
771 2319 882 2371 Veteres
904 2318 1061 2385 sonantius,
1093 2320 1129 2372 ait

89 2399 180 2456 iuhunc
188 2404 327 2474 prologum
335 2400 412 2454 valde
421 2400 575 2472 diligentem
619 2399 753 2458 Donatus,
771 2396 845 2468 quod
857 2417 906 2450 uos
918 2397 1004 2452 lenius
1015 2397 1130 2452 dicimus

89 2492 109 2532 at
122 2480 238 2534 eruditam
255 2479 405 2553 proclamat
421 2478 572 2538 Boeclerus;
619 2479 736 2537 tradem
759 2488 786 2528 et
812 2476 948 2548 intellige,
972 2480 1129 2540 transferre,

88 2575 148 2630 quau
159 2579 219 2634 ergo
232 2572 315 2612 totam
333 2558 390 2611 sare
405 2555 575 2610 desumimus.
620 2555 768 2609 traducere.
784 2585 818 2596 -
830 2562 861 2608 In
875 2559 966 2619 atium,
977 2556 1005 2609 in
1017 2557 1128 2611 otiosam

116 2644 215 2692 1.Paeta
227 2652 310 2690 antus.
328 2638 360 2690 C.
374 2638 408 2690 G.
422 2655 459 2689 m.
478 2637 575 2690 insert.
618 2635 800 2688 cessationem.

87 2717 576 2789 copem.Sup.script.maledicens.-
655 2716 680 2768 3.
704 2718 855 2768 Maledictis.
881 2716 904 2765 Α
929 2717 1008 2767 rebus
1030 2715 1130 2769 scilicet
1216 2711 1220 2726 '

87 2801 279 2866 merqnanepoeta
289 2811 378 2862 oetas,
390 2807 440 2848 etc.
454 2796 511 2848 Hoc
525 2795 575 2847 ini·
619 2795 762 2863 exclusus,
784 2794 818 2848 ad
838 2795 920 2847 verba
941 2793 1064 2866 delapsus
1083 2791 1130 2848 e'st.

88 2875 139 2928 tium
148 2876 344 2930 adestrnetioue
353 2894 471 2946 personae
483 2874 576 2928 adam·
618 2881 684 2926 Dos.
693 2905 729 2915 -
742 2880 782 2927 Ns
791 2877 898 2937 scribas,
913 2876 1064 2929 comoedias.

86 2955 135 3006 sarii
143 2958 254 3021 sumitur,
262 2955 434 3026 conjunctum
443 2972 506 3006 cum
515 2953 577 3006 insi·
656 2957 820 3019 4.,4ητο1ιαο.
837 2953 881 3005 Sic
895 2953 943 3005 Do.
960 2955 992 3007 In
1014 2957 1034 3008 l.
1047 2959 1128 3028 antiq.

87 3032 190 3090 audone
197 3055 316 3108 personae
322 3033 577 3089 Terentiano.Adde
620 3047 686 3100 ante,
699 3032 773 3104 quod
784 3045 855 3085 recte
865 3033 979 3086 refertur
987 3035 1021 3088 ad
1030 3035 1129 3088 Teren·

86 3113 365 3178 nautum‚Tereutium
377 3113 420 3166 vix
430 3132 508 3166 usu·
519 3131 575 3166 esse
618 3111 734 3164 tium—
744 3115 791 3178 Qui
803 3115 837 3163 ira
851 3115 962 3177 dictitat,
978 3126 1030 3167 eto.
1045 3115 1079 3166 Τὸ
1093 3118 1129 3165 ita

85 3193 189 3265 prologis,
198 3195 248 3248 nisi
256 3210 341 3265 quum
349 3191 472 3246 habuerit
481 3192 573 3246 adver·
617 3190 716 3245 indicat
728 3210 787 3264 quse
808 3205 965 3266 sequuntur,
983 3215 1046 3262 quas
1061 3210 1129 3246 ante

86 3271 172 3325 sarium.
186 3273 253 3326 Vide
270 3272 370 3334 vs.13‚
386 3278 425 3334 14.
444 3302 480 3312 —
497 3277 573 3323 Poeta
615 3274 680 3334 lae,
694 3283 744 3324 etc.
756 3291 840 3344 usque
852 3272 878 3324 in
891 3272 971 3325 finem
982 3274 1127 3328 sententiae.

86 3365 150 3403 seara
160 3352 236 3406 Poeta
250 3369 349 3415 senen
365 3349 436 3404 idem
456 3351 501 3404 ille
519 3353 571 3404 Lu·
615 3382 651 3392 -
667 3355 775 3405 Dictitat.
793 3352 990 3423 Impudentiam
1013 3354 1128 3408 ostendit

85 3428 139 3482 scius
153 3431 311 3486 Lanuvinus.
334 3461 369 3471 -
389 3437 504 3498 Paetum,
523 3449 571 3484 no·
614 3449 662 3502 per
674 3431 900 3503 frequentativum
914 3432 1032 3486 verbum.

21 3517 22 3524 ’
85 3510 475 3564 atrum.Scilic.Tereutium.—
489 3517 571 3579 Poscq.
652 3509 676 3563 5.
692 3510 975 3576 Oratio‚iusensuest;
993 3516 1128 3584 scriptino,

84 3607 122 3638 san
131 3605 211 3656 pareat.
221 3590 290 3644 Nota
298 3603 431 3658 postquam
441 3588 513 3660 apud
520 3591 573 3643 Ve-
616 3594 644 3642 iu
662 3590 763 3652 verbis,
784 3602 810 3644 et
828 3591 856 3642 iu
874 3609 970 3660 genere
985 3591 1126 3645 scribendi.

21 3703 23 3729 ,
84 3676 137 3719 teres
155 3687 205 3722 uon
222 3666 354 3744 preterito
374 3680 497 3735 tantum,
525 3668 572 3722 sed
617 3670 776 3741 Imperitum
794 3668 899 3721 inducit
916 3668 1127 3731 criminatorem,

84 3745 147 3800 etiam
167 3749 286 3818 praesenti
315 3747 430 3818 tempori
454 3747 572 3820 adjungi.
617 3748 663 3818 qui
682 3747 733 3800 hoc
752 3748 876 3819 objiciat,
897 3747 969 3818 quod
988 3751 1126 3820 proprium

84 3822 112 3874 llt
121 3825 185 3897 Virg.
194 3827 283 3896 Eclog.
295 3827 326 3890 1,
341 3827 391 3879 31:
409 3826 572 3898 -Postquam
616 3827 762 3880 debetesse
775 3828 871 3880 comici
885 3827 953 3899 styli.
969 3829 1068 3880 Revera
1081 3849 1127 3882 au-

84 3919 120 3958 nos
130 3907 261 3978 Amaryllis
275 3905 369 3969 habet,
387 3906 497 3960 Galatea
511 3905 573 3958 reli·
615 3919 668 3959 tem
682 3908 733 3960 hoc
744 3905 858 3960 deterior
869 3905 1017 3959 Menandro
1027 3909 1128 3961 Teren·

83 3983 134 4050 quit
144 4011 156 4030 .
615 3987 665 4039 tius
673 3985 852 4060 judicabatur,
863 3984 936 4059 quod
948 3987 1034 4039 minus
1047 3989 1127 4040 subli-

111 4082 132 4114 ι.
144 4069 179 4115 Ab
191 4070 279 4120 scedio.
293 4065 407 4118 Additur
426 4065 453 4119 iu
472 4085 497 4118 c.
512 4065 569 4119 Hal.
616 4066 652 4117 nri
667 4065 787 4117 oratione
800 4077 925 4118 uteretur.
944 4064 1025 4128 Quod
1039 4067 1126 4138 ipsunt

84 4150 228 4210 mponendr'.
244 4147 366 4198 Glossam
385 4146 460 4218 sapit.
479 4175 513 4186 —-
534 4150 571 4196 Ab
615 4163 687 4196 nunc
706 4157 819 4216 purgat,
841 4145 929 4199 dicens
950 4143 976 4195 in
1000 4145 1126 4217 trngmdia

24 4253 25 4260 κ
84 4225 145 4274 Μία
157 4225 270 4296 poetices
289 4225 406 4279 comico.
427 4257 460 4266 —
482 4231 570 4276 Trans·
615 4223 707 4278 altiora
720 4223 831 4276 transire
842 4241 924 4295 posse.
937 4227 1070 4276 Dorruc-
1086 4231 1128 4275 Tc·

92 1644 318 1768 Posronsn
341 1697 440 1779 poeta
469 1698 564 1752 vetus
586 1695 718 1777 poetam
737 1705 804 1749 non
828 1693 939 1774 potest
