3016 5182
347 499 420 570 280
563 503 750 572 PUBLII
777 503 1036 574 TERENTII
1063 507 1187 575 AFRI

345 633 379 699 Si
394 630 475 725 quid
490 641 574 727 opus
590 631 704 718 fuerit,
718 627 814 702 heus!
834 634 935 704 domo
950 661 1014 704 me.
1031 638 1073 706 G.
1088 634 1252 732 intelligo.
1379 665 1414 708 uo

598 829 820 920 scuni
859 833 1158 947 Quium.

374 1033 594 1103 DEMIPHO.
622 1037 753 1104 GETA.
782 1038 936 1108 HEGIO.
966 1040 1200 1111 CRATINUS.
1230 1041 1382 1110 CRITO.

345 1219 410 1285 Du.
426 1217 563 1304 Quanta
580 1239 635 1283 me
652 1240 732 1284 cura
754 1230 789 1284 et
803 1215 1022 1286 sollicitudine
1037 1217 1143 1288 afficit

345 1324 476 1392 Gnatus
483 1363 502 1409 ‚·
519 1321 575 1415 qui
594 1346 647 1390 me
666 1336 700 1390 et
718 1347 752 1392 se
765 1322 857 1392 hisce
875 1322 1048 1418 impedivit
1064 1319 1208 1420 nuptiis!

343 1427 462 1521 Neque
480 1428 564 1497 mihi
585 1429 618 1496 in
638 1443 853 1522 conspectum
869 1419 999 1524 prodit,
1019 1443 1058 1499 ut
1073 1430 1189 1500 saitem
1204 1431 1327 1518 sciam,

345 1533 437 1623 Quid
451 1532 492 1602 de
506 1532 569 1602 hac
582 1558 618 1602 re
632 1532 735 1617 dicat,
748 1535 869 1628 quidve
881 1537 922 1604 sit
934 1538 1113 1606 sententie.

344 1639 427 1723 Abi,
442 1641 528 1728 vise,
551 1637 728 1710 redieritne
740 1640 832 1735 jam,
853 1665 896 1710 an
913 1641 1063 1711 nondum
1077 1640 1227 1712 domum.
1379 1667 1417 1712 uz·

346 1747 387 1816 G.
402 1749 462 1814 Eo.
479 1748 544 1815 Dr.
563 1745 708 1832 Videtis,
726 1773 793 1840 quo
813 1749 846 1815 in
866 1746 941 1817 loco
957 1773 1009 1817 res
1024 1748 1094 1817 haec
1111 1750 1181 1818 siet.

345 1852 435 1940 Quid
454 1851 538 1946 ago?
555 1852 626 1939 dic,
645 1855 765 1948 Hegio.
790 1857 830 1921 H.
850 1852 943 1948 Ego?
957 1855 1132 1923 Cratinum
1148 1878 1283 1938 censeo,

343 1960 377 2028 Si
393 1960 453 2029 tibi
465 1958 627 2029 ¹videtur...
643 1961 708 2027 Dr.
726 1961 808 2044 Dic,
825 1962 970 2029 Cratine.
986 1963 1074 2030 Cnn.
1092 1963 1192 2029 Mene
1208 1959 1278 2029 vis?

345 2067 410 2134 Du.
423 2067 480 2134 Te.
496 2067 583 2135 Cur.
603 2067 676 2159 Ego
689 2090 763 2159 quae
777 2067 811 2133 in
825 2091 895 2136 rem
908 2080 1000 2135 tuam
1020 2069 1103 2154 sint,
1122 2092 1160 2135 ea
1174 2064 1273 2135 velim
1291 2065 1392 2136 facias
1407 2093 1415 2132 :

504 2171 587 2239 mihi

346 2277 400 2346 Sic
412 2276 478 2345 hoc
493 2275 648 2346 videtur:
668 2277 759 2371 quod
779 2293 812 2346 te
832 2276 967 2347 absente
986 2277 1043 2347 hie
1062 2277 1149 2347 filius
1378 2309 1418 2356 ⁴⁵⁰

345 2385 441 2478 Egit,
463 2384 590 2453 restitui
604 2385 636 2452 in
653 2385 835 2478 integrum,
851 2409 982 2478 aequum
1004 2409 1043 2454 ac
1064 2385 1190 2454 bonum
1206 2397 1271 2472 est;

346 2492 390 2558 Et
407 2489 440 2558 id
455 2489 646 2585 impetrabis
664 2515 671 2558 :
690 2489 768 2558 dixi.
783 2492 848 2560 Dn.
869 2492 936 2561 Dic
950 2516 1063 2578 nunc,
1083 2493 1200 2586 Hegio.

346 2673 458 2725 larinum
491 2675 570 2736 dica,
604 2675 689 2736 dico,
721 2691 736 2724 e
770 2691 857 2743 groeeo
938 2672 1418 2736 ddddbiaisedidbimmise-

346 2751 418 2815 δίκη,
432 2753 479 2813 lis,
493 2771 581 2806 ceusu.
594 2783 630 2792 -
642 2755 716 2818 Dixi,
727 2755 855 2820 Demipho.
902 2755 958 2814 Abi,
967 2765 1055 2806 mete.
1064 2752 1126 2806 Hac
1135 2750 1169 2806 ud
1178 2751 1416 2806 Getemdicuntur.

345 2833 414 2888 Mire
421 2833 653 2886 comminationem
664 2843 689 2884 et
695 2832 858 2885 ferocitatem
938 2839 999 2902 447.
1015 2835 1083 2900 Quid
1093 2841 1161 2901 ago?
1172 2830 1245 2896 Quid
1258 2831 1324 2885 mibi
1337 2851 1418 2904 ugen-

345 2913 401 2985 ejur
413 2912 529 2966 imitatur
541 2923 581 2964 ert
592 2911 673 2966 simili
685 2911 776 2962 verbo.
790 2916 856 2964 Don.
903 2912 967 2966 dnm
978 2912 1163 2966 estiFormuln
1174 2911 1314 2964 consilium
1325 2925 1418 2983 peten-

383 2999 443 3057 440.
451 2993 478 3042 Si
486 2993 546 3058 qnid
552 3010 612 3058 opus
614 2991 703 3056 suerit.
714 2990 778 3042 Hoee
787 2989 859 3042 Geta
903 2991 981 3042 tium.
996 3019 1032 3030 -·
1049 2993 1174 3042 Cratinum
1194 3008 1291 3052 censeo,
1307 2991 1365 3044 ocii.
1384 2991 1419 3044 de

345 3070 542 3125 insusurratio
565 3069 725 3122 Phormione
745 3069 859 3122 obeunte
903 3069 1032 3122 sententio
1054 3086 1100 3121 rua
1117 3069 1232 3140 priorem
1252 3069 1418 3142 interrogun·

345 3151 461 3214 debent;
475 3149 547 3220 quod
561 3148 637 3203 aliter
652 3149 768 3201 Donatus
781 3159 859 3220 pute·
901 3148 978 3202 dum.

343 3233 394 3285 ¹vit.
414 3260 449 3270 --
465 3235 619 3291 Damone,
640 3227 695 3282 seii.
721 3229 857 3293 evocabit,
938 3235 1001 3299 449.
1023 3234 1064 3283 Te.
1078 3227 1196 3295 Quidam
1215 3240 1352 3283 extrusum
1371 3248 1419 3282 vo·

347 3328 474 3364 accerses.
901 3307 970 3361 lunt.
984 3339 1017 3350 ·-
1030 3315 1093 3376 Qua
1104 3313 1129 3360 in
1140 3327 1192 3361 rem
1203 3324 1268 3362 tuom
1279 3313 1336 3362 sine.
1349 3311 1419 3375 Qua

381 3391 424 3445 Su.
444 3407 481 3442 ιν.
497 3389 559 3441 Hee
579 3385 750 3440 deliberative
764 3398 815 3449 est,
829 3387 858 3440 in
902 3387 955 3440 tuit
965 3387 1112 3442 commodis
1121 3389 1223 3461 possint
1238 3388 1332 3444 fovere.

346 3488 400 3542 qun
417 3481 471 3522 tres
494 3466 615 3521 advocati
636 3479 700 3520 runt
718 3485 725 3516 ε
743 3483 858 3537 quorum
882 3529 885 3534 Ι
940 3467 1001 3533 450.
1012 3470 1040 3518 Si
1050 3469 1097 3520 boo
1109 3471 1216 3521 videm.
1229 3469 1420 3541 Explicantu-

347 3568 416 3603 unut
424 3548 597 3616 suadebatur
607 3545 750 3612 fflmuudet,
758 3548 861 3610 tertius,
904 3545 1011 3598 tentiam
1020 3565 1097 3600 suem
1106 3548 1134 3600 in
1144 3547 1183 3600 eir
1191 3566 1252 3618 qua
1261 3560 1419 3621 sequuntur.

346 3631 393 3704 qui
407 3649 435 3683 se
452 3628 572 3683 alterutri
590 3625 690 3681 addere
709 3625 859 3691 debuisset,
905 3655 939 3666 —-
958 3629 1032 3693 Quod
1046 3629 1086 3677 uc
1104 3629 1154 3694 egit
1163 3629 1246 3696 fitius.
1266 3625 1365 3680 Aliudit
1384 3625 1420 3680 td

347 3708 476 3782 ejusmodi
496 3706 652 3760 sententiam
666 3705 745 3770 dicit,
757 3716 787 3758 ut
802 3723 860 3758 rur·
904 3705 1019 3777 nuptiae.

347 3807 405 3842 rum
432 3786 622 3841 deliberatione
646 3802 713 3855 opus
737 3803 793 3836 esse
821 3785 860 3836 vi·
942 3786 1000 3845 451.
1024 3790 1085 3836 Bon.
1101 3799 1142 3835 err.
1167 3785 1231 3838 We.
1255 3804 1310 3856 pur.
1328 3787 1421 3836 bonum

346 3868 448 3922 dentur.
905 3867 1103 3924 esse-Restitui
1111 3867 1136 3915 in
1145 3867 1271 3933 integrum.
1281 3864 1421 3929 Rescindi,

383 3947 547 4018 Mndfficie.
557 3945 586 4000 C.
597 3942 630 3996 G.
640 3961 675 3996 m.
688 3943 784 3997 etbiro·
794 3943 859 3998 We.
906 3953 931 3994 et
953 3943 981 3994 in
1003 3959 1063 3996 eum
1085 3943 1179 4015 reponi
1196 3954 1293 3996 etatum
1313 3943 1340 3994 in
1362 3961 1421 4014 quo

349 4031 441 4096 affecit.
905 4033 982 4075 eraut
995 4034 1136 4093 antequam
1153 4021 1263 4085 flerent,
1279 4023 1380 4076 iniectu
1396 4035 1424 4076 et

385 4114 445 4170 ⁴⁴²·
458 4106 598 4172 Impedivir,
613 4101 751 4172 implicuit.
905 4101 979 4154 irrita
989 4101 1129 4155 declarari.

385 4187 444 4248 443.
460 4187 549 4236 Prodit.
564 4181 626 4236 Sub.
642 4181 684 4232 hie
695 4180 763 4234 iiiios
773 4199 857 4234 meus.
941 4183 1002 4245 452.
1016 4187 1059 4247 Id,
1074 4200 1111 4235 re.
1122 4201 1179 4236 rem
1191 4181 1291 4236 restitui
1304 4180 1330 4233 in
1344 4183 1421 4234 inte·
