3026 5184
304 555 525 624 HECYRA.
554 557 660 624 ACT.
689 558 758 641 IV,
787 558 852 628 SC.
882 561 909 627 I.
1072 585 1138 660 191

85 689 165 780 Quid
189 691 250 775 sit,
281 687 499 784 quamobrem
526 701 700 784 tantopere
725 715 841 762 omnes
861 719 923 764 nos
951 693 1058 766 celare
1079 721 1142 767 vc·

227 795 323 865 lucris
1104 820 1143 860 ⁵³0

85 906 207 974 Parturn
216 930 226 991 ;
234 903 413 998 praesertim
422 901 527 997 quum
540 915 574 972 et
587 917 678 974 reete
692 918 726 972 et
738 918 889 1000 tempore
897 908 1143 1008 suopepererit.

83 1010 196 1079 Adeon’
208 1010 370 1105 pervicaci
384 1034 455 1078 esse
469 1010 592 1094 anime,
603 1023 641 1077 ut
655 1034 796 1103 puerum
807 1028 1009 1109 praeoptares
1023 1019 1142 1111 perire,

4 1155 6 1204 ι
84 1121 124 1186 Ex
135 1142 200 1212 quo
219 1116 397 1186 firmiorem
414 1117 502 1185 inter
515 1141 577 1186 nos
591 1116 663 1186 fore
673 1118 854 1188 amicitiam
870 1121 1010 1215 posthac
1025 1124 1140 1210 scires,

84 1225 201 1312 Potius,
218 1247 318 1318 quam
332 1222 512 1296 advorsum
526 1225 627 1294 animi
643 1225 691 1292 tui
707 1223 874 1299 libidinem
891 1243 976 1304 esset
990 1254 1067 1300 curn
1085 1230 1140 1302 ilto

225 1343 340 1425 nupta.
839 1390 846 1399 .

83 1437 143 1530 Ego
159 1437 256 1506 etiam
271 1435 405 1510 illorum
424 1461 496 1510 esse
515 1435 649 1531 culpam
668 1437 755 1509 hanc
775 1439 919 1528 credidi,
949 1467 1023 1535 quae
1039 1457 1072 1512 te
1091 1459 1142 1516 est

226 1567 337 1637 penes.
1103 1567 1142 1608 sss

82 1649 139 1720 dir.
151 1651 273 1720 Misera
283 1675 368 1722 sum.
384 1652 448 1724 Pu.
462 1651 602 1720 Utinam
618 1652 773 1723 seiamita
785 1677 856 1724 esse
866 1655 950 1724 istuc
962 1680 968 1722 :
980 1655 1038 1725 sed
1050 1680 1140 1726 nunc

224 1757 271 1825 mi
288 1759 323 1825 in
337 1772 484 1826 mentem
502 1757 611 1844 venit,
716 1773 718 1780 ⁴

4 1949 6 1958 ,
81 1863 188 1933 Erbac
197 1889 234 1934 re
243 1863 333 1958 quod
341 1863 453 1934 locuta
463 1861 800 1957 esolim,quumillum
811 1891 971 1962 generum
981 1870 1139 1964 cepimus.

4 2013 6 2066 ;
80 1971 150 2040 Nam
162 1971 309 2067 negabas
324 1985 464 2067 nuptam
483 1994 580 2065 posse
593 1969 696 2040 filiam
713 1988 807 2042 tuam
822 1989 854 2042 te
868 1976 938 2068 pati

4 2075 6 2162 ζ
82 2078 151 2146 Cum
164 2103 220 2166 eo,
239 2079 298 2172 qui
316 2079 525 2147 meretricem
540 2093 685 2166 amaret,
700 2081 756 2174 qui
770 2095 983 2175 pernoctaret
994 2082 1085 2151 foris.

81 2250 105 2285 cr
122 2233 213 2286 marito
233 2253 291 2288 suo.
310 2235 349 2286 De
367 2246 446 2306 partu
469 2228 578 2306 quidem
659 2231 827 2286 535.Illorum
836 2235 933 2288 esse.C.
943 2235 978 2289 G.
988 2255 1022 2289 m.
1032 2214 1158 2292 invertit¹

81 2315 173 2366 maritali
182 2333 326 2386 persuasus
336 2314 505 2368 estLaohesa
520 2333 576 2367 mu·
622 2331 676 2363 esse
686 2315 738 2366 itlo.
746 2313 811 2386 Sup.
821 2313 914 2386 script.
925 2318 1051 2384 Pamphili
1061 2331 1085 2367 ee
1092 2321 1139 2368 So·

4 2427 5 2430 ¹
80 2391 142 2460 licre,
162 2391 208 2448 sed
228 2391 304 2446 aliud
320 2393 422 2446 crimen
443 2391 577 2459 intendit,
621 2399 823 2462 stratae-Ego
838 2396 912 2446 eccm
929 2398 992 2446 illor.
1008 2415 1075 2462 csse,
1088 2408 1137 2450 etc.

4 2497 5 2508 π
79 2471 138 2542 quod
147 2473 192 2526 ista
202 2472 331 2526 celaverit
342 2483 459 2543 partum.
474 2474 578 2524 Pert-
622 2497 635 2516 a
648 2471 706 2542 Ego
720 2469 802 2525 etiam
817 2471 905 2528 adhuc
921 2475 1026 2546 culpam
1040 2473 1068 2526 iu
1088 2473 1139 2528 illis

4 2543 5 2610 ξ
79 2555 147 2618 Neque
156 2557 238 2614 deo,
249 2569 339 2623 neque
352 2550 433 2604 enim.
621 2551 737 2605 residere
749 2550 866 2619 credidi,
876 2571 934 2626 quse
948 2551 1021 2625 apud
1035 2565 1061 2606 te
1075 2567 1137 2607 est.»

4 2619 5 2628 ἵ
106 2629 157 2686 530.
177 2636 299 2686 Voluen's.
314 2629 403 2686 codd.
422 2629 497 2702 quid.
508 2629 575 2686 We.
621 2631 699 2685 Nunc
718 2651 781 2704 ergo
801 2645 938 2703 peccatum
949 2643 1036 2686 totum
1052 2635 1138 2689 credit

79 2714 192 2762 miserias.
620 2728 677 2764 esse
686 2710 840 2784 Myrrhine.

105 2787 455 2860 531.repemie.Lind-br.
467 2789 498 2842 C.
511 2789 575 2860 neg.
657 2791 718 2844 536.
738 2797 786 2844 Ita.
810 2793 843 2843 In
863 2791 914 2844 Ma.
937 2789 1083 2846 Lindeubr.
1099 2797 1136 2848 ita

76 2867 577 2938 peperie.-1teceeereemp0rosuo.ltaee
619 2869 747 2923 abest.··-
762 2875 860 2924 Utirrcm
884 2891 918 2922 sc.
942 2875 978 2923 ita
995 2892 1047 2924 esse
1062 2876 1134 2928 istuc.

78 2946 121 3000 dm
136 2949 168 3002 nd
179 2950 333 3022 legitimum
351 2961 443 3023 partus
460 2948 576 3020 spatium
620 2951 731 3004 Utinam
745 2969 901 3022 persuasum
912 2950 1027 3006 habeam
1040 2964 1066 3010 te
1079 2973 1135 3010 esse

78 3027 147 3096 piacet
168 3030 292 3094 referre,
317 3029 488 3102 potiusquam
513 3043 577 3082 recte
620 3031 754 3084 miseram.
770 3031 853 3096 Quasi
867 3029 987 3084 diceret:
1002 3032 1134 3087 «Utinam

78 3107 220 3180 intelligere,
235 3114 308 3178 quod
324 3129 373 3161 uon
388 3124 522 3161 monstrum
533 3127 577 3177 po-
620 3122 694 3164 certo
708 3109 790 3162 sciant
804 3127 887 3180 penes
898 3121 925 3162 te
939 3129 994 3164 uon
1008 3131 1064 3165 esse
1077 3115 1135 3166 cul·

76 3190 172 3252 perd...
183 3195 269 3258 Temp.
282 3209 336 3243 suo.
350 3189 422 3260 Ergo
431 3201 489 3242 turn
502 3187 576 3262 apud
619 3207 710 3262 pam.»
726 3191 794 3242 Nam
810 3193 909 3241 miseros
923 3209 978 3243 non
992 3192 1042 3244 nisi
1060 3191 1135 3246 inno-

79 3265 167 3322 Greocs
182 3283 274 3340 partus
289 3270 463 3341 septimestris
472 3281 574 3340 tempe·
619 3281 709 3323 centes
720 3269 841 3322 dicimus.
855 3275 946 3322 Donat.
960 3301 996 3312 -
1008 3277 1059 3325 Sed
1070 3293 1137 3324 runc

78 3345 144 3402 uirus
160 3348 266 3403 habitus
292 3360 340 3404 est.
361 3347 429 3402 Nam
442 3360 503 3421 post
522 3368 575 3403 nu·
619 3350 668 3416 mr‘,
679 3346 863 3404 ercordina:
880 3347 946 3402 ·sed
960 3349 1033 3422 quod
1047 3349 1136 3406 locuta

79 3425 133 3494 ptiar
152 3427 195 3482 bic
215 3428 318 3482 mensis
343 3429 472 3500 agebatur
493 3429 575 3501 septi·
620 3449 648 3483 es
667 3429 731 3482 oiim
754 3427 790 3482 de
807 3427 858 3482 bac
878 3448 908 3483 re
925 3429 999 3502 uenit
1018 3431 1136 3484 nuncin

79 3521 132 3556 uus.
620 3521 750 3572 mentem,
763 3520 813 3562 etc.
821 3533 835 3553 ι»

106 3585 272 3640 &addeum
285 3607 354 3658 perv.
371 3607 425 3640 esse
440 3608 483 3641 an.
499 3575 575 3641 addc
656 3589 717 3659 537.
732 3593 782 3640 Ex,
802 3587 847 3642 Be.
867 3586 910 3642 ed.
932 3591 983 3651 de,
997 3589 1136 3643 Donatum

76 3668 164 3728 potuisti.
618 3681 725 3722 secutus
737 3666 772 3721 ad
790 3667 857 3723 Hcc.
881 3669 918 3720 ita
932 3668 1078 3738 citantem,
1096 3691 1135 3726 rs.

106 3743 157 3797 533.
166 3751 206 3798 ss
214 3768 276 3815 quo,
292 3765 331 3800 sc.
343 3765 439 3818 puero,
447 3760 574 3819 tanquam
620 3767 682 3820 711.
694 3779 730 3792 —-
744 3755 786 3801 Es
795 3751 843 3800 lucc
853 3768 889 3802 re.
903 3750 944 3802 De
952 3748 1031 3823 hujus
1043 3753 1135 3806 matri·

79 3821 169 3894 pignore
178 3845 241 3881 caro
254 3826 431 3882 matrimonii.
619 3831 703 3884 monii
715 3829 919 3900 consequentiis.

106 3905 316 3970 transvorsum.
336 3909 395 3962 Par.
417 3929 446 3982 p.
460 3929 517 3964 rar.
532 3916 576 3964 ad·
656 3909 717 3964 538.
731 3913 838 3979 Nuptan·
844 3912 887 3981 fil.
901 3911 965 3978 pati.
976 3909 1134 3967 Consentire

79 4002 153 4036 vorsus.
171 4019 205 4028 -
218 3993 319 4051 Potius,
338 3991 422 4060 junge
439 4008 501 4044 cum
510 4012 576 4061 prce·
620 4003 650 4043 ut
667 3989 723 4044 fitia
735 4003 781 4042 tua
800 3987 895 4062 nuptui
904 3988 1087 4043 collocaretur.

79 4078 165 4130 ⁰ptores,
178 4067 203 4119 id
218 4083 277 4134 est,
292 4081 471 4141 praeoptares,
485 4072 575 4143 potius
657 4068 716 4137 539.
741 4072 789 4138 Qui
802 4083 912 4138 peruect.
937 4069 1048 4141 Propter
1065 4071 1133 4124 illud

79 4159 150 4210 quam.
160 4154 285 4216 —Esset,
299 4149 465 4206 Philumena.
474 4183 508 4193 -
517 4157 576 4210 Quin
621 4148 694 4220 quod
707 4147 829 4215 dixerat,
845 4169 881 4202 vs.
902 4148 950 4218 157
963 4167 970 4202 :
987 4175 999 4194 u
1015 4149 1081 4221 quid
1094 4151 1134 4204 iu·

80 4225 122 4286 db,
133 4225 273 4298 Pamphilo.
619 4243 687 4284 turca
701 4229 713 4282 ἓ
727 4229 821 4284 Ibatne
832 4227 867 4283 ad
880 4228 1055 4283 Bacchidem?
1066 4255 1079 4276 n
