<?xml version="1.0" encoding="UTF-8"?>
<!DOCTYPE html PUBLIC "-//W3C//DTD XHTML 1.0 Transitional//EN"
    "http://www.w3.org/TR/xhtml1/DTD/xhtml1-transitional.dtd">
<html xmlns="http://www.w3.org/1999/xhtml" xml:lang="en" lang="en">
 <head>
  <title>
</title>
<meta http-equiv="Content-Type" content="text/html;charset=utf-8" />
  <meta name='ocr-system' content='tesseract 3.04.00' />
  <meta name='ocr-capabilities' content='ocr_page ocr_carea ocr_par ocr_line ocrx_word'/>
</head>
<body>
  <div class='ocr_page' id='page_1' title='image "./publiiterentiia00lemagoog/publiiterentiia00lemagoog_0045.png"; bbox 0 0 3120 5178; ppageno 0'>
   <div class='ocr_carea' id='block_1_1' title="bbox 320 481 1169 578">
    <p class='ocr_par' dir='ltr' id='par_1_1' title="bbox 320 481 1169 578">
     <span class='ocr_line' id='line_1_1' title="bbox 320 481 1169 578; baseline 0.005 -30"><span class='ocrx_word' id='word_1_1' title='bbox 320 481 551 552; x_wconf 69' lang='lat' dir='ltr'>innuen.</span> <span class='ocrx_word' id='word_1_2' title='bbox 579 482 688 552; x_wconf 80' lang='lat' dir='ltr'>Acr.</span> <span class='ocrx_word' id='word_1_3' title='bbox 715 483 771 569; x_wconf 90' lang='lat'>11,</span> <span class='ocrx_word' id='word_1_4' title='bbox 797 481 868 550; x_wconf 77' lang='lat' dir='ltr'>sc</span> <span class='ocrx_word' id='word_1_5' title='bbox 896 482 946 548; x_wconf 91' lang='lat'>11.</span> <span class='ocrx_word' id='word_1_6' title='bbox 1124 481 1169 578; x_wconf 78' lang='lat'>37</span> 
     </span>
    </p>
   </div>
   <div class='ocr_carea' id='block_1_2' title="bbox 104 608 1174 920">
    <p class='ocr_par' dir='ltr' id='par_1_2' title="bbox 104 608 1174 920">
     <span class='ocr_line' id='line_1_2' title="bbox 105 608 1174 708; baseline 0 -26"><span class='ocrx_word' id='word_1_7' title='bbox 105 611 196 682; x_wconf 80' lang='lat' dir='ltr'>Nunc</span> <span class='ocrx_word' id='word_1_8' title='bbox 219 608 321 696; x_wconf 82' lang='lat' dir='ltr'>vide,</span> <span class='ocrx_word' id='word_1_9' title='bbox 341 624 460 680; x_wconf 83' lang='lat' dir='ltr'>utrum</span> <span class='ocrx_word' id='word_1_10' title='bbox 486 612 558 700; x_wconf 85' lang='lat' dir='ltr'>vis,</span> <span class='ocrx_word' id='word_1_11' title='bbox 580 613 949 708; x_wconf 83' lang='lat' dir='ltr'>argentum-accipere,</span> <span class='ocrx_word' id='word_1_12' title='bbox 971 635 1014 682; x_wconf 83' lang='lat' dir='ltr'>an</span> <span class='ocrx_word' id='word_1_13' title='bbox 1041 636 1174 684; x_wconf 81' lang='lat' dir='ltr'>causam</span> 
     </span>
     <span class='ocr_line' id='line_1_3' title="bbox 258 716 558 787; baseline 0 -1"><span class='ocrx_word' id='word_1_14' title='bbox 258 716 418 787; x_wconf 80' lang='lat' dir='ltr'>meditari</span> <span class='ocrx_word' id='word_1_15' title='bbox 439 733 558 787; x_wconf 79' lang='lat' dir='ltr'>tuam·</span> 
     </span>
     <span class='ocr_line' id='line_1_4' title="bbox 104 820 805 920; baseline -0.001 -28"><span class='ocrx_word' id='word_1_16' title='bbox 104 820 255 892; x_wconf 70' lang='lat' dir='ltr'>Delum</span> <span class='ocrx_word' id='word_1_17' title='bbox 277 823 366 912; x_wconf 87' lang='lat' dir='ltr'>hoc,</span> <span class='ocrx_word' id='word_1_18' title='bbox 388 823 470 894; x_wconf 89' lang='lat' dir='ltr'>dum</span> <span class='ocrx_word' id='word_1_19' title='bbox 492 849 555 920; x_wconf 82' lang='lat' dir='ltr'>ego</span> <span class='ocrx_word' id='word_1_20' title='bbox 571 824 693 913; x_wconf 80' lang='lat' dir='ltr'>redeo,</span> <span class='ocrx_word' id='word_1_21' title='bbox 715 820 805 894; x_wconf 85' lang='lat' dir='ltr'>leno!</span> 
     </span>
    </p>
   </div>
   <div class='ocr_carea' id='block_1_3' title="bbox 330 969 952 1285">
    <p class='ocr_par' dir='ltr' id='par_1_3' title="bbox 330 969 952 1285">
     <span class='ocr_line' id='line_1_5' title="bbox 330 969 952 1120; baseline -0.005 -1"><span class='ocrx_word' id='word_1_22' title='bbox 330 969 952 1120; x_wconf 68' lang='lat' dir='ltr'>scennseeuunn*</span> 
     </span>
     <span class='ocr_line' id='line_1_6' title="bbox 539 1217 742 1285; baseline 0 -1"><span class='ocrx_word' id='word_1_23' title='bbox 539 1217 742 1285; x_wconf 77' lang='lat' dir='ltr'><strong>SANNIO.</strong></span> 
     </span>
    </p>
   </div>
   <div class='ocr_carea' id='block_1_4' title="bbox 101 1395 1174 1918">
    <p class='ocr_par' dir='ltr' id='par_1_4' title="bbox 101 1395 1174 1918">
     <span class='ocr_line' id='line_1_7' title="bbox 504 1395 1001 1493; baseline 0.002 -26"><span class='ocrx_word' id='word_1_24' title='bbox 504 1401 562 1467; x_wconf 69' lang='lat' dir='ltr'>SA.</span> <span class='ocrx_word' id='word_1_25' title='bbox 582 1398 671 1467; x_wconf 83' lang='lat' dir='ltr'>Proh</span> <span class='ocrx_word' id='word_1_26' title='bbox 687 1422 840 1493; x_wconf 84' lang='lat' dir='ltr'><strong>supreme</strong></span> <span class='ocrx_word' id='word_1_27' title='bbox 857 1395 1001 1493; x_wconf 87' lang='lat' dir='ltr'>Jupiter!</span> 
     </span>
     <span class='ocr_line' id='line_1_8' title="bbox 102 1504 1005 1600; baseline -0.001 -26"><span class='ocrx_word' id='word_1_28' title='bbox 102 1504 242 1574; x_wconf 78' lang='lat' dir='ltr'><strong>Minime</strong></span> <span class='ocrx_word' id='word_1_29' title='bbox 260 1504 386 1592; x_wconf 89' lang='lat' dir='ltr'>miror,</span> <span class='ocrx_word' id='word_1_30' title='bbox 405 1507 463 1600; x_wconf 93' lang='lat' dir='ltr'>qui</span> <span class='ocrx_word' id='word_1_31' title='bbox 481 1505 622 1573; x_wconf 83' lang='lat' dir='ltr'>insanire</span> <span class='ocrx_word' id='word_1_32' title='bbox 638 1505 807 1600; x_wconf 85' lang='lat' dir='ltr'>occipiunt</span> <span class='ocrx_word' id='word_1_33' title='bbox 823 1528 863 1574; x_wconf 82' lang='lat' dir='ltr'>ex</span> <span class='ocrx_word' id='word_1_34' title='bbox 878 1505 1005 1600; x_wconf 85' lang='lat' dir='ltr'>injuria.</span> 
     </span>
     <span class='ocr_line' id='line_1_9' title="bbox 102 1610 1157 1704; baseline 0.002 -22"><span class='ocrx_word' id='word_1_35' title='bbox 102 1613 214 1682; x_wconf 89' lang='lat' dir='ltr'>Domo</span> <span class='ocrx_word' id='word_1_36' title='bbox 233 1635 290 1681; x_wconf 90' lang='lat' dir='ltr'>me</span> <span class='ocrx_word' id='word_1_37' title='bbox 307 1611 449 1704; x_wconf 86' lang='lat' dir='ltr'>eripuit,</span> <span class='ocrx_word' id='word_1_38' title='bbox 464 1610 666 1696; x_wconf 82' lang='lat' dir='ltr'>verberavit,</span> <span class='ocrx_word' id='word_1_39' title='bbox 685 1635 738 1682; x_wconf 89' lang='lat' dir='ltr'>me</span> <span class='ocrx_word' id='word_1_40' title='bbox 757 1613 861 1680; x_wconf 92' lang='lat' dir='ltr'>invito</span> <span class='ocrx_word' id='word_1_41' title='bbox 879 1611 1017 1681; x_wconf 84' lang='lat' dir='ltr'>abduxit</span> <span class='ocrx_word' id='word_1_42' title='bbox 1034 1637 1157 1698; x_wconf 82' lang='lat' dir='ltr'>meam,</span> 
     </span>
     <span class='ocr_line' id='line_1_10' title="bbox 102 1714 1173 1813; baseline 0.004 -27"><span class='ocrx_word' id='word_1_43' title='bbox 102 1718 238 1787; x_wconf 86' lang='lat' dir='ltr'><strong>Homini</strong></span> <span class='ocrx_word' id='word_1_44' title='bbox 255 1718 379 1786; x_wconf 89' lang='lat' dir='ltr'>misero</span> <span class='ocrx_word' id='word_1_45' title='bbox 399 1714 474 1812; x_wconf 88' lang='lat' dir='ltr'>plus</span> <span class='ocrx_word' id='word_1_46' title='bbox 491 1717 687 1813; x_wconf 83' lang='lat' dir='ltr'>quingentos</span> <span class='ocrx_word' id='word_1_47' title='bbox 702 1716 860 1811; x_wconf 85' lang='lat' dir='ltr'>colaphos</span> <span class='ocrx_word' id='word_1_48' title='bbox 878 1718 1013 1812; x_wconf 82' lang='lat' dir='ltr'>infregit</span> <span class='ocrx_word' id='word_1_49' title='bbox 1030 1719 1119 1788; x_wconf 88' lang='lat' dir='ltr'>mihi.</span> <span class='ocrx_word' id='word_1_50' title='bbox 1135 1765 1173 1792; x_wconf 72' lang='lat'>20..</span> 
     </span>
     <span class='ocr_line' id='line_1_11' title="bbox 101 1822 1174 1918; baseline 0.001 -26"><span class='ocrx_word' id='word_1_51' title='bbox 101 1825 155 1892; x_wconf 89' lang='lat' dir='ltr'>Ob</span> <span class='ocrx_word' id='word_1_52' title='bbox 174 1822 352 1893; x_wconf 75' lang='lat' dir='ltr'>malefacte</span> <span class='ocrx_word' id='word_1_53' title='bbox 370 1822 443 1892; x_wconf 83' lang='lat' dir='ltr'>haec</span> <span class='ocrx_word' id='word_1_54' title='bbox 462 1822 620 1893; x_wconf 89' lang='lat' dir='ltr'>toutidem</span> <span class='ocrx_word' id='word_1_55' title='bbox 639 1838 785 1918; x_wconf 82' lang='lat' dir='ltr'><strong>emptam</strong></span> <span class='ocrx_word' id='word_1_56' title='bbox 801 1823 946 1918; x_wconf 83' lang='lat' dir='ltr'>postulat</span> <span class='ocrx_word' id='word_1_57' title='bbox 961 1825 1022 1894; x_wconf 90' lang='lat' dir='ltr'>sibi</span> <span class='ocrx_word' id='word_1_58' title='bbox 1035 1826 1174 1901; x_wconf 78' lang='lat' dir='ltr'>tradier.</span> 
     </span>
    </p>
   </div>
   <div class='ocr_carea' id='block_1_5' title="bbox 100 2005 1172 3116">
    <p class='ocr_par' dir='ltr' id='par_1_5' title="bbox 101 2005 1172 2475">
     <span class='ocr_line' id='line_1_12' title="bbox 102 2005 1172 2079; baseline 0 -17"><span class='ocrx_word' id='word_1_59' title='bbox 102 2027 140 2072; x_wconf 85' lang='lat' dir='ltr'>se,</span> <span class='ocrx_word' id='word_1_60' title='bbox 152 2019 256 2062; x_wconf 78' lang='lat' dir='ltr'>constet</span> <span class='ocrx_word' id='word_1_61' title='bbox 270 2007 343 2061; x_wconf 88' lang='lat' dir='ltr'>inter</span> <span class='ocrx_word' id='word_1_62' title='bbox 355 2025 458 2060; x_wconf 82' lang='lat' dir='ltr'>omues.</span> <span class='ocrx_word' id='word_1_63' title='bbox 475 2005 527 2060; x_wconf 75' lang='lat' dir='ltr'>sed</span> <span class='ocrx_word' id='word_1_64' title='bbox 538 2008 615 2079; x_wconf 76' lang='lat' dir='ltr'>plura</span> <span class='ocrx_word' id='word_1_65' title='bbox 658 2007 715 2079; x_wconf 78' lang='lat' dir='ltr'>Iup.</span> <span class='ocrx_word' id='word_1_66' title='bbox 737 2007 853 2062; x_wconf 74' lang='lat' dir='ltr'>Advorte</span> <span class='ocrx_word' id='word_1_67' title='bbox 874 2008 1027 2079; x_wconf 74' lang='lat' dir='ltr'>vigilantem</span> <span class='ocrx_word' id='word_1_68' title='bbox 1051 2022 1172 2078; x_wconf 77' lang='lat' dir='ltr'>poetam,</span> 
     </span>
     <span class='ocr_line' id='line_1_13' title="bbox 101 2085 1170 2159; baseline 0 -17"><span class='ocrx_word' id='word_1_69' title='bbox 101 2087 160 2142; x_wconf 80' lang='lat' dir='ltr'>ride</span> <span class='ocrx_word' id='word_1_70' title='bbox 171 2087 247 2159; x_wconf 77' lang='lat' dir='ltr'>apud</span> <span class='ocrx_word' id='word_1_71' title='bbox 261 2088 372 2140; x_wconf 83' lang='lat' dir='ltr'>Boecier.</span> <span class='ocrx_word' id='word_1_72' title='bbox 386 2087 433 2158; x_wconf 89' lang='lat' dir='ltr'>qui</span> <span class='ocrx_word' id='word_1_73' title='bbox 456 2087 538 2140; x_wconf 74' lang='lat' dir='ltr'>iunius</span> <span class='ocrx_word' id='word_1_74' title='bbox 557 2100 614 2141; x_wconf 79' lang='lat' dir='ltr'>tre·</span> <span class='ocrx_word' id='word_1_75' title='bbox 658 2101 688 2141; x_wconf 92' lang='lat' dir='ltr'>ut</span> <span class='ocrx_word' id='word_1_76' title='bbox 700 2088 863 2159; x_wconf 84' lang='lat' dir='ltr'>ubicumque</span> <span class='ocrx_word' id='word_1_77' title='bbox 881 2088 909 2140; x_wconf 95' lang='lat' dir='ltr'>in</span> <span class='ocrx_word' id='word_1_78' title='bbox 928 2085 1064 2142; x_wconf 80' lang='lat' dir='ltr'>Comoedis</span> <span class='ocrx_word' id='word_1_79' title='bbox 1077 2107 1170 2142; x_wconf 85' lang='lat' dir='ltr'>vocem</span> 
     </span>
     <span class='ocr_line' id='line_1_14' title="bbox 102 2166 1168 2240; baseline -0.001 -19"><span class='ocrx_word' id='word_1_80' title='bbox 102 2169 309 2240; x_wconf 72' lang='lat' dir='ltr'>ctatlegitimam</span> <span class='ocrx_word' id='word_1_81' title='bbox 333 2167 404 2219; x_wconf 80' lang='lat' dir='ltr'>hano</span> <span class='ocrx_word' id='word_1_82' title='bbox 425 2166 614 2238; x_wconf 74' lang='lat' dir='ltr'>questionem,</span> <span class='ocrx_word' id='word_1_83' title='bbox 656 2169 782 2238; x_wconf 73' lang='lat' dir='ltr'>tragicam</span> <span class='ocrx_word' id='word_1_84' title='bbox 791 2167 1020 2233; x_wconf 79' lang='lat' dir='ltr'>extulerit,stetim</span> <span class='ocrx_word' id='word_1_85' title='bbox 1029 2185 1168 2239; x_wconf 79' lang='lat' dir='ltr'>personum</span> 
     </span>
     <span class='ocr_line' id='line_1_15' title="bbox 101 2245 1167 2320; baseline 0 -20"><span class='ocrx_word' id='word_1_86' title='bbox 101 2248 176 2300; x_wconf 79' lang='lat' dir='ltr'>nimis</span> <span class='ocrx_word' id='word_1_87' title='bbox 187 2248 280 2300; x_wconf 78' lang='lat' dir='ltr'>forsan</span> <span class='ocrx_word' id='word_1_88' title='bbox 296 2247 433 2300; x_wconf 72' lang='lat' dir='ltr'>consuitur</span> <span class='ocrx_word' id='word_1_89' title='bbox 454 2246 520 2316; x_wconf 85' lang='lat' dir='ltr'>juris</span> <span class='ocrx_word' id='word_1_90' title='bbox 530 2246 558 2298; x_wconf 88' lang='lat' dir='ltr'>in</span> <span class='ocrx_word' id='word_1_91' title='bbox 569 2265 615 2298; x_wconf 83' lang='lat' dir='ltr'>ex·</span> <span class='ocrx_word' id='word_1_92' title='bbox 656 2247 772 2300; x_wconf 78' lang='lat' dir='ltr'>insenum</span> <span class='ocrx_word' id='word_1_93' title='bbox 784 2245 874 2300; x_wconf 82' lang='lat' dir='ltr'>dicere</span> <span class='ocrx_word' id='word_1_94' title='bbox 886 2247 973 2300; x_wconf 76' lang='lat' dir='ltr'>faciet.</span> <span class='ocrx_word' id='word_1_95' title='bbox 981 2245 1025 2301; x_wconf 89' lang='lat' dir='ltr'>Sic</span> <span class='ocrx_word' id='word_1_96' title='bbox 1033 2259 1060 2300; x_wconf 86' lang='lat' dir='ltr'>et</span> <span class='ocrx_word' id='word_1_97' title='bbox 1068 2265 1167 2320; x_wconf 81' lang='lat' dir='ltr'>supro,</span> 
     </span>
     <span class='ocr_line' id='line_1_16' title="bbox 102 2325 1169 2398; baseline 0.002 -19"><span class='ocrx_word' id='word_1_98' title='bbox 102 2325 232 2398; x_wconf 56' lang='lat' dir='ltr'>maudo</span> <span class='ocrx_word' id='word_1_99' title='bbox 241 2326 363 2381; x_wconf 88' lang='lat' dir='ltr'>Comico.</span> <span class='ocrx_word' id='word_1_100' title='bbox 372 2325 482 2379; x_wconf 82' lang='lat' dir='ltr'>-Num</span> <span class='ocrx_word' id='word_1_101' title='bbox 495 2345 540 2396; x_wconf 67' lang='lat' dir='ltr'>ego</span> <span class='ocrx_word' id='word_1_102' title='bbox 554 2325 614 2377; x_wconf 82' lang='lat' dir='ltr'>libe·</span> <span class='ocrx_word' id='word_1_103' title='bbox 656 2343 693 2378; x_wconf 82' lang='lat' dir='ltr'>ve.</span> <span class='ocrx_word' id='word_1_104' title='bbox 706 2343 756 2378; x_wconf 76' lang='grc' dir='ltr'>ιη</span> <span class='ocrx_word' id='word_1_105' title='bbox 770 2344 778 2378; x_wconf 92' lang='lat'><strong>:</strong></span> <span class='ocrx_word' id='word_1_106' title='bbox 791 2353 802 2374; x_wconf 74' lang='grc' dir='ltr'>ι</span> <span class='ocrx_word' id='word_1_107' title='bbox 817 2327 868 2377; x_wconf 78' lang='lat' dir='ltr'>Pro</span> <span class='ocrx_word' id='word_1_108' title='bbox 879 2326 987 2398; x_wconf 80' lang='lat' dir='ltr'>Jupiter!</span> <span class='ocrx_word' id='word_1_109' title='bbox 996 2329 1103 2379; x_wconf 76' lang='lat' dir='ltr'>tu&#39;komo</span> <span class='ocrx_word' id='word_1_110' title='bbox 1113 2326 1169 2381; x_wconf 81' lang='lat' dir='ltr'>adi·</span> 
     </span>
     <span class='ocr_line' id='line_1_17' title="bbox 102 2403 1067 2475; baseline -0.001 -15"><span class='ocrx_word' id='word_1_111' title='bbox 102 2407 147 2460; x_wconf 66' lang='lat' dir='ltr'>mi</span> <span class='ocrx_word' id='word_1_112' title='bbox 165 2408 234 2458; x_wconf 70' lang='lat' dir='ltr'>ilia</span> <span class='ocrx_word' id='word_1_113' title='bbox 251 2425 334 2458; x_wconf 78' lang='lat' dir='ltr'>assero</span> <span class='ocrx_word' id='word_1_114' title='bbox 350 2425 424 2458; x_wconf 81' lang='lat' dir='ltr'>causo</span> <span class='ocrx_word' id='word_1_115' title='bbox 439 2425 518 2458; x_wconf 75' lang='lat' dir='ltr'>mii.</span> <span class='ocrx_word' id='word_1_116' title='bbox 537 2403 614 2457; x_wconf 89' lang='lat' dir='ltr'>Ordo</span> <span class='ocrx_word' id='word_1_117' title='bbox 655 2405 695 2475; x_wconf 73' lang='lat' dir='ltr'>gis</span> <span class='ocrx_word' id='word_1_118' title='bbox 706 2423 749 2458; x_wconf 88' lang='lat' dir='ltr'>me</span> <span class='ocrx_word' id='word_1_119' title='bbox 764 2405 797 2458; x_wconf 83' lang='lat' dir='ltr'>ad</span> <span class='ocrx_word' id='word_1_120' title='bbox 811 2407 946 2459; x_wconf 78' lang='lat' dir='ltr'>insaniem.</span> <span class='ocrx_word' id='word_1_121' title='bbox 965 2431 976 2454; x_wconf 78' lang='grc' dir='ltr'>ι</span> <span class='ocrx_word' id='word_1_122' title='bbox 999 2407 1067 2459; x_wconf 84' lang='lat' dir='ltr'>Dou.</span> 
     </span>
    </p>

    <p class='ocr_par' dir='ltr' id='par_1_6' title="bbox 101 2486 1164 3034">
     <span class='ocr_line' id='line_1_18' title="bbox 103 2486 1163 2560; baseline -0.001 -21"><span class='ocrx_word' id='word_1_123' title='bbox 103 2500 137 2539; x_wconf 70' lang='lat' dir='ltr'>ut</span> <span class='ocrx_word' id='word_1_124' title='bbox 150 2505 159 2538; x_wconf 90' lang='lat'><strong>:</strong></span> <span class='ocrx_word' id='word_1_125' title='bbox 171 2487 231 2558; x_wconf 72' lang='lat' dir='ltr'>Ego</span> <span class='ocrx_word' id='word_1_126' title='bbox 246 2486 417 2539; x_wconf 75' lang='lat' dir='ltr'>ilhmassero</span> <span class='ocrx_word' id='word_1_127' title='bbox 429 2503 526 2552; x_wconf 80' lang='lat' dir='ltr'>manu,</span> <span class='ocrx_word' id='word_1_128' title='bbox 537 2502 613 2538; x_wconf 80' lang='lat' dir='ltr'>ceusu</span> <span class='ocrx_word' id='word_1_129' title='bbox 699 2487 763 2553; x_wconf 85' lang='lat'>198.</span> <span class='ocrx_word' id='word_1_130' title='bbox 777 2486 830 2554; x_wconf 80' lang='lat' dir='ltr'>Qui</span> <span class='ocrx_word' id='word_1_131' title='bbox 837 2504 887 2555; x_wconf 89' lang='lat' dir='ltr'>pro</span> <span class='ocrx_word' id='word_1_132' title='bbox 900 2505 947 2557; x_wconf 79' lang='lat' dir='ltr'>quo</span> <span class='ocrx_word' id='word_1_133' title='bbox 953 2505 967 2560; x_wconf 57' lang='lat' dir='ltr'>,j</span> <span class='ocrx_word' id='word_1_134' title='bbox 976 2504 1038 2538; x_wconf 79' lang='lat' dir='ltr'>uum</span> <span class='ocrx_word' id='word_1_135' title='bbox 1051 2491 1093 2558; x_wconf 83' lang='lat' dir='ltr'>qui</span> <span class='ocrx_word' id='word_1_136' title='bbox 1102 2504 1163 2556; x_wconf 89' lang='lat' dir='ltr'>pro·</span> 
     </span>
     <span class='ocr_line' id='line_1_19' title="bbox 101 2563 1164 2637; baseline -0.002 -17"><span class='ocrx_word' id='word_1_137' title='bbox 101 2565 216 2630; x_wconf 68' lang='lat' dir='ltr'>merli,</span> <span class='ocrx_word' id='word_1_138' title='bbox 229 2564 258 2618; x_wconf 83' lang='lat' dir='ltr'>id</span> <span class='ocrx_word' id='word_1_139' title='bbox 271 2577 312 2619; x_wconf 82' lang='lat' dir='ltr'>est</span> <span class='ocrx_word' id='word_1_140' title='bbox 326 2563 466 2635; x_wconf 87' lang='lat' dir='ltr'>injudicio</span> <span class='ocrx_word' id='word_1_141' title='bbox 475 2564 503 2617; x_wconf 90' lang='lat' dir='ltr'>iu</span> <span class='ocrx_word' id='word_1_142' title='bbox 516 2582 569 2637; x_wconf 90' lang='lat' dir='ltr'>quo</span> <span class='ocrx_word' id='word_1_143' title='bbox 579 2563 613 2616; x_wconf 89' lang='lat' dir='ltr'>de</span> <span class='ocrx_word' id='word_1_144' title='bbox 655 2582 726 2616; x_wconf 90' lang='lat' dir='ltr'>nom.</span> <span class='ocrx_word' id='word_1_145' title='bbox 744 2577 791 2618; x_wconf 83' lang='lat' dir='ltr'>cst.</span> <span class='ocrx_word' id='word_1_146' title='bbox 802 2566 941 2618; x_wconf 83' lang='lat' dir='ltr'>-Minime</span> <span class='ocrx_word' id='word_1_147' title='bbox 953 2570 1033 2628; x_wconf 78' lang='lat' dir='ltr'>miror,</span> <span class='ocrx_word' id='word_1_148' title='bbox 1048 2567 1109 2618; x_wconf 87' lang='lat' dir='ltr'>sub.</span> <span class='ocrx_word' id='word_1_149' title='bbox 1123 2585 1164 2618; x_wconf 81' lang='lat' dir='ltr'>eos</span> 
     </span>
     <span class='ocr_line' id='line_1_20' title="bbox 102 2644 1163 2717; baseline -0.001 -18"><span class='ocrx_word' id='word_1_150' title='bbox 102 2645 220 2699; x_wconf 74' lang='lat' dir='ltr'>libertate</span> <span class='ocrx_word' id='word_1_151' title='bbox 229 2645 327 2716; x_wconf 71' lang='lat' dir='ltr'>egitur,</span> <span class='ocrx_word' id='word_1_152' title='bbox 341 2645 398 2715; x_wconf 76' lang='lat' dir='ltr'>iege</span> <span class='ocrx_word' id='word_1_153' title='bbox 408 2657 434 2697; x_wconf 88' lang='lat' dir='ltr'>et</span> <span class='ocrx_word' id='word_1_154' title='bbox 442 2644 614 2714; x_wconf 69' lang='lat' dir='ltr'>actioneque</span> <span class='ocrx_word' id='word_1_155' title='bbox 656 2646 715 2717; x_wconf 85' lang='lat' dir='ltr'>qui,</span> <span class='ocrx_word' id='word_1_156' title='bbox 739 2655 789 2698; x_wconf 88' lang='lat' dir='ltr'>eto.</span> <span class='ocrx_word' id='word_1_157' title='bbox 813 2645 847 2698; x_wconf 77' lang='lat' dir='ltr'>Fu</span> <span class='ocrx_word' id='word_1_158' title='bbox 871 2645 981 2716; x_wconf 75' lang='lat' dir='ltr'>suppio,</span> <span class='ocrx_word' id='word_1_159' title='bbox 1004 2663 1088 2716; x_wconf 90' lang='lat' dir='ltr'>quum</span> <span class='ocrx_word' id='word_1_160' title='bbox 1115 2663 1163 2716; x_wconf 74' lang='lat' dir='ltr'>ego</span> 
     </span>
     <span class='ocr_line' id='line_1_21' title="bbox 101 2723 1163 2796; baseline -0.003 -17"><span class='ocrx_word' id='word_1_161' title='bbox 101 2723 488 2779; x_wconf 58' lang='lat' dir='ltr'>adelmumdorromnu</span> <span class='ocrx_word' id='word_1_162' title='bbox 501 2743 612 2788; x_wconf 67' lang='lat' dir='ltr'>nitente,</span> <span class='ocrx_word' id='word_1_163' title='bbox 655 2741 739 2795; x_wconf 83' lang='lat' dir='ltr'>prope</span> <span class='ocrx_word' id='word_1_164' title='bbox 756 2725 885 2776; x_wconf 79' lang='lat' dir='ltr'>insaniem</span> <span class='ocrx_word' id='word_1_165' title='bbox 908 2742 943 2778; x_wconf 85' lang='lat' dir='ltr'>ex</span> <span class='ocrx_word' id='word_1_166' title='bbox 963 2725 1061 2795; x_wconf 81' lang='lat' dir='ltr'>injuria</span> <span class='ocrx_word' id='word_1_167' title='bbox 1083 2743 1163 2796; x_wconf 82' lang='lat' dir='ltr'>quem</span> 
     </span>
     <span class='ocr_line' id='line_1_22' title="bbox 101 2801 1164 2876; baseline -0.003 -18"><span class='ocrx_word' id='word_1_168' title='bbox 101 2818 137 2858; x_wconf 84' lang='lat' dir='ltr'>cst</span> <span class='ocrx_word' id='word_1_169' title='bbox 151 2805 251 2876; x_wconf 72' lang='lat' dir='ltr'>injecta</span> <span class='ocrx_word' id='word_1_170' title='bbox 271 2804 352 2857; x_wconf 78' lang='lat' dir='ltr'>alicui</span> <span class='ocrx_word' id='word_1_171' title='bbox 370 2823 468 2869; x_wconf 76' lang='lat' dir='ltr'>manu,</span> <span class='ocrx_word' id='word_1_172' title='bbox 496 2821 559 2856; x_wconf 90' lang='lat' dir='ltr'>eum</span> <span class='ocrx_word' id='word_1_173' title='bbox 580 2804 613 2856; x_wconf 91' lang='lat' dir='ltr'>li·</span> <span class='ocrx_word' id='word_1_174' title='bbox 655 2803 753 2876; x_wconf 71' lang='lat' dir='ltr'>occepi.</span> <span class='ocrx_word' id='word_1_175' title='bbox 766 2801 921 2865; x_wconf 76' lang='lat' dir='ltr'>Menander,</span> <span class='ocrx_word' id='word_1_176' title='bbox 936 2822 1015 2874; x_wconf 90' lang='lat' dir='ltr'>quem</span> <span class='ocrx_word' id='word_1_177' title='bbox 1027 2805 1090 2856; x_wconf 80' lang='lat' dir='ltr'>citat</span> <span class='ocrx_word' id='word_1_178' title='bbox 1102 2804 1164 2855; x_wconf 84' lang='lat' dir='ltr'>Fer·</span> 
     </span>
     <span class='ocr_line' id='line_1_23' title="bbox 102 2878 1164 2955; baseline -0.002 -18"><span class='ocrx_word' id='word_1_179' title='bbox 102 2883 192 2937; x_wconf 73' lang='lat' dir='ltr'>buum</span> <span class='ocrx_word' id='word_1_180' title='bbox 216 2885 395 2955; x_wconf 83' lang='lat' dir='ltr'>pronuntiare</span> <span class='ocrx_word' id='word_1_181' title='bbox 416 2897 443 2937; x_wconf 91' lang='lat' dir='ltr'>et</span> <span class='ocrx_word' id='word_1_182' title='bbox 471 2882 611 2936; x_wconf 75' lang='lat' dir='ltr'>affimm.</span> <span class='ocrx_word' id='word_1_183' title='bbox 655 2883 812 2937; x_wconf 75' lang='lat' dir='ltr'>nubiuszoi</span> <span class='ocrx_word' id='word_1_184' title='bbox 819 2903 870 2953; x_wconf 80' lang='grc' dir='ltr'>μοι,</span> <span class='ocrx_word' id='word_1_185' title='bbox 883 2886 911 2936; x_wconf 78' lang='grc' dir='ltr'>τὸ</span> <span class='ocrx_word' id='word_1_186' title='bbox 928 2882 974 2954; x_wconf 76' lang='grc' dir='ltr'>γὰρ</span> <span class='ocrx_word' id='word_1_187' title='bbox 989 2883 1057 2952; x_wconf 73' lang='grc' dir='ltr'>ἄφνω</span> <span class='ocrx_word' id='word_1_188' title='bbox 1071 2878 1164 2935; x_wconf 55' lang='lat' dir='ltr'>moru-</span> 
     </span>
     <span class='ocr_line' id='line_1_24' title="bbox 102 2962 971 3034; baseline -0.001 -16"><span class='ocrx_word' id='word_1_189' title='bbox 102 2963 311 3018; x_wconf 78' lang='lat' dir='ltr'>Soiehuntenim</span> <span class='ocrx_word' id='word_1_190' title='bbox 322 2962 613 3034; x_wconf 78' lang='lat' dir='ltr'>munuepprehendore</span> <span class='ocrx_word' id='word_1_191' title='bbox 654 2965 704 3031; x_wconf 79' lang='grc' dir='ltr'>χιῖν</span> <span class='ocrx_word' id='word_1_192' title='bbox 722 2964 811 3034; x_wconf 77' lang='grc' dir='ltr'><strong>μανίαν</strong></span> <span class='ocrx_word' id='word_1_193' title='bbox 827 2974 899 3017; x_wconf 80' lang='lat' dir='ltr'>nursi.</span> <span class='ocrx_word' id='word_1_194' title='bbox 968 3028 971 3034; x_wconf 30' lang='lat'>¹</span> 
     </span>
    </p>

    <p class='ocr_par' dir='ltr' id='par_1_7' title="bbox 100 3041 1161 3116">
     <span class='ocr_line' id='line_1_25' title="bbox 100 3041 1161 3116; baseline -0.003 -19"><span class='ocrx_word' id='word_1_195' title='bbox 100 3043 168 3115; x_wconf 72' lang='lat' dir='ltr'>&#39;pud</span> <span class='ocrx_word' id='word_1_196' title='bbox 185 3042 294 3116; x_wconf 79' lang='lat' dir='ltr'>judices</span> <span class='ocrx_word' id='word_1_197' title='bbox 315 3061 396 3114; x_wconf 85' lang='lat' dir='ltr'>quem</span> <span class='ocrx_word' id='word_1_198' title='bbox 419 3044 534 3096; x_wconf 81' lang='lat' dir='ltr'>liberum</span> <span class='ocrx_word' id='word_1_199' title='bbox 558 3060 613 3094; x_wconf 87' lang='lat' dir='ltr'>esse</span> <span class='ocrx_word' id='word_1_200' title='bbox 707 3060 770 3111; x_wconf 85' lang='lat'><strong>¹99·</strong></span> <span class='ocrx_word' id='word_1_201' title='bbox 797 3042 877 3093; x_wconf 84' lang='lat' dir='ltr'>Domo</span> <span class='ocrx_word' id='word_1_202' title='bbox 905 3061 941 3094; x_wconf 78' lang='lat' dir='ltr'>me</span> <span class='ocrx_word' id='word_1_203' title='bbox 971 3045 1065 3111; x_wconf 58' lang='lat' dir='ltr'>enituit.</span> <span class='ocrx_word' id='word_1_204' title='bbox 1091 3041 1161 3106; x_wconf 75' lang='lat' dir='ltr'>Quin</span> 
     </span>
    </p>
   </div>
   <div class='ocr_carea' id='block_1_6' title="bbox 2 3119 1160 3194">
    <p class='ocr_par' dir='ltr' id='par_1_8' title="bbox 2 3119 1160 3194">
     <span class='ocr_line' id='line_1_26' title="bbox 2 3119 1160 3194; baseline -0.003 -18"><span class='ocrx_word' id='word_1_205' title='bbox 2 3149 4 3166; x_wconf 88' lang='lat'><em>·</em></span> <span class='ocrx_word' id='word_1_206' title='bbox 100 3119 234 3190; x_wconf 76' lang='lat' dir='ltr'>dicerem,</span> <span class='ocrx_word' id='word_1_207' title='bbox 248 3135 277 3175; x_wconf 91' lang='lat' dir='ltr'>et</span> <span class='ocrx_word' id='word_1_208' title='bbox 291 3124 417 3193; x_wconf 78' lang='lat' dir='ltr'>petebant</span> <span class='ocrx_word' id='word_1_209' title='bbox 431 3121 559 3175; x_wconf 77' lang='lat' dir='ltr'>vindicias</span> <span class='ocrx_word' id='word_1_210' title='bbox 570 3139 612 3174; x_wconf 84' lang='lat' dir='ltr'>ee·</span> <span class='ocrx_word' id='word_1_211' title='bbox 654 3139 767 3193; x_wconf 84' lang='lat' dir='ltr'>nempe,</span> <span class='ocrx_word' id='word_1_212' title='bbox 782 3133 872 3194; x_wconf 82' lang='lat' dir='ltr'>erepta</span> <span class='ocrx_word' id='word_1_213' title='bbox 887 3122 954 3174; x_wconf 87' lang='lat' dir='ltr'>mihi</span> <span class='ocrx_word' id='word_1_214' title='bbox 976 3121 1083 3192; x_wconf 76' lang='lat' dir='ltr'>puelle,</span> <span class='ocrx_word' id='word_1_215' title='bbox 1104 3138 1160 3172; x_wconf 77' lang='lat' dir='ltr'>eum</span> 
     </span>
    </p>
   </div>
   <div class='ocr_carea' id='block_1_7' title="bbox 100 3199 1163 4230">
    <p class='ocr_par' dir='ltr' id='par_1_9' title="bbox 100 3199 1162 3511">
     <span class='ocr_line' id='line_1_27' title="bbox 101 3199 1160 3272; baseline -0.005 -16"><span class='ocrx_word' id='word_1_216' title='bbox 101 3201 219 3256; x_wconf 71' lang='lat' dir='ltr'>mudum</span> <span class='ocrx_word' id='word_1_217' title='bbox 236 3201 405 3268; x_wconf 60' lang='lat' dir='ltr'>liberatem,</span> <span class='ocrx_word' id='word_1_218' title='bbox 432 3200 460 3255; x_wconf 92' lang='lat' dir='ltr'>id</span> <span class='ocrx_word' id='word_1_219' title='bbox 475 3214 529 3267; x_wconf 84' lang='lat' dir='ltr'>est,</span> <span class='ocrx_word' id='word_1_220' title='bbox 541 3212 572 3253; x_wconf 89' lang='lat' dir='ltr'>ut</span> <span class='ocrx_word' id='word_1_221' title='bbox 584 3201 613 3252; x_wconf 87' lang='lat' dir='ltr'>in</span> <span class='ocrx_word' id='word_1_222' title='bbox 655 3199 708 3253; x_wconf 85' lang='lat' dir='ltr'>huc</span> <span class='ocrx_word' id='word_1_223' title='bbox 723 3201 797 3272; x_wconf 84' lang='lat' dir='ltr'>sequi</span> <span class='ocrx_word' id='word_1_224' title='bbox 817 3213 921 3254; x_wconf 77' lang='lat' dir='ltr'>conotus</span> <span class='ocrx_word' id='word_1_225' title='bbox 936 3219 1003 3255; x_wconf 87' lang='lat' dir='ltr'>sum.</span> <span class='ocrx_word' id='word_1_226' title='bbox 1017 3230 1057 3246; x_wconf 86' lang='lat'>--</span> <span class='ocrx_word' id='word_1_227' title='bbox 1068 3200 1160 3254; x_wconf 86' lang='lat' dir='ltr'>Meum.</span> 
     </span>
     <span class='ocr_line' id='line_1_28' title="bbox 100 3278 1162 3353; baseline -0.002 -17"><span class='ocrx_word' id='word_1_228' title='bbox 100 3283 260 3353; x_wconf 65' lang='lat' dir='ltr'>potatione</span> <span class='ocrx_word' id='word_1_229' title='bbox 278 3281 407 3335; x_wconf 72' lang='lat' dir='ltr'>libertatis</span> <span class='ocrx_word' id='word_1_230' title='bbox 421 3291 553 3342; x_wconf 80' lang='lat' dir='ltr'>muneret,</span> <span class='ocrx_word' id='word_1_231' title='bbox 570 3280 613 3332; x_wconf 88' lang='lat' dir='ltr'>in·</span> <span class='ocrx_word' id='word_1_232' title='bbox 655 3281 756 3334; x_wconf 63' lang='lat' dir='ltr'>Decor:</span> <span class='ocrx_word' id='word_1_233' title='bbox 766 3281 864 3333; x_wconf 86' lang='lat' dir='ltr'>locutio</span> <span class='ocrx_word' id='word_1_234' title='bbox 875 3294 913 3333; x_wconf 90' lang='lat' dir='ltr'>est</span> <span class='ocrx_word' id='word_1_235' title='bbox 925 3297 974 3351; x_wconf 87' lang='lat' dir='ltr'>per</span> <span class='ocrx_word' id='word_1_236' title='bbox 985 3281 1093 3351; x_wconf 74' lang='grc' dir='ltr'><strong>ἴλλιιψιν.</strong></span> <span class='ocrx_word' id='word_1_237' title='bbox 1102 3278 1162 3334; x_wconf 88' lang='lat' dir='ltr'>Nou</span> 
     </span>
     <span class='ocr_line' id='line_1_29' title="bbox 101 3357 1160 3432; baseline -0.004 -18"><span class='ocrx_word' id='word_1_238' title='bbox 101 3373 168 3414; x_wconf 74' lang='lat' dir='ltr'>terea</span> <span class='ocrx_word' id='word_1_239' title='bbox 189 3360 257 3414; x_wconf 86' lang='lat' dir='ltr'>dum</span> <span class='ocrx_word' id='word_1_240' title='bbox 275 3359 311 3414; x_wconf 85' lang='lat' dir='ltr'>de</span> <span class='ocrx_word' id='word_1_241' title='bbox 333 3379 410 3416; x_wconf 76' lang='lat' dir='ltr'>ceusu</span> <span class='ocrx_word' id='word_1_242' title='bbox 431 3371 612 3432; x_wconf 76' lang='lat' dir='ltr'>cognosceret.</span> <span class='ocrx_word' id='word_1_243' title='bbox 655 3359 726 3412; x_wconf 88' lang='lat' dir='ltr'>enim</span> <span class='ocrx_word' id='word_1_244' title='bbox 735 3358 836 3413; x_wconf 80' lang='lat' dir='ltr'>eddidit</span> <span class='ocrx_word' id='word_1_245' title='bbox 844 3360 949 3430; x_wconf 82' lang='lat' dir='ltr'>puellam</span> <span class='ocrx_word' id='word_1_246' title='bbox 961 3371 1008 3413; x_wconf 78' lang='lat' dir='ltr'>sut</span> <span class='ocrx_word' id='word_1_247' title='bbox 1019 3357 1085 3431; x_wconf 88' lang='lat' dir='ltr'>quid</span> <span class='ocrx_word' id='word_1_248' title='bbox 1100 3361 1160 3412; x_wconf 84' lang='lat' dir='ltr'>tole.</span> 
     </span>
     <span class='ocr_line' id='line_1_30' title="bbox 102 3437 748 3511; baseline -0.003 -17"><span class='ocrx_word' id='word_1_249' title='bbox 102 3441 139 3494; x_wconf 86' lang='lat' dir='ltr'>De</span> <span class='ocrx_word' id='word_1_250' title='bbox 148 3441 198 3495; x_wconf 75' lang='lat' dir='ltr'>hee</span> <span class='ocrx_word' id='word_1_251' title='bbox 208 3459 239 3494; x_wconf 88' lang='lat' dir='ltr'>re</span> <span class='ocrx_word' id='word_1_252' title='bbox 251 3439 307 3494; x_wconf 82' lang='lat' dir='ltr'>vid.</span> <span class='ocrx_word' id='word_1_253' title='bbox 321 3441 380 3494; x_wconf 79' lang='lat' dir='ltr'>Liv.</span> <span class='ocrx_word' id='word_1_254' title='bbox 389 3441 448 3504; x_wconf 87' lang='lat'>111,</span> <span class='ocrx_word' id='word_1_255' title='bbox 466 3446 501 3505; x_wconf 72' lang='grc'>44</span> <span class='ocrx_word' id='word_1_256' title='bbox 514 3457 572 3511; x_wconf 84' lang='lat' dir='ltr'>sqq.</span> <span class='ocrx_word' id='word_1_257' title='bbox 655 3437 748 3492; x_wconf 81' lang='lat' dir='ltr'>Donat.</span> 
     </span>
    </p>

    <p class='ocr_par' dir='ltr' id='par_1_10' title="bbox 103 3518 1163 3910">
     <span class='ocr_line' id='line_1_31' title="bbox 141 3518 1161 3592; baseline -0.004 -18"><span class='ocrx_word' id='word_1_258' title='bbox 141 3525 205 3592; x_wconf 78' lang='lat'>¹96.</span> <span class='ocrx_word' id='word_1_259' title='bbox 237 3522 386 3591; x_wconf 68' lang='lat' dir='ltr'>Arpentrun,</span> <span class='ocrx_word' id='word_1_260' title='bbox 399 3521 493 3592; x_wconf 76' lang='lat' dir='ltr'>viginti</span> <span class='ocrx_word' id='word_1_261' title='bbox 512 3519 613 3584; x_wconf 85' lang='lat' dir='ltr'>minus,</span> <span class='ocrx_word' id='word_1_262' title='bbox 703 3539 768 3572; x_wconf 80' lang='lat' dir='ltr'>soc.</span> <span class='ocrx_word' id='word_1_263' title='bbox 791 3521 871 3572; x_wconf 84' lang='lat' dir='ltr'>Hunc</span> <span class='ocrx_word' id='word_1_264' title='bbox 891 3537 996 3573; x_wconf 80' lang='lat' dir='ltr'>versum</span> <span class='ocrx_word' id='word_1_265' title='bbox 1016 3519 1063 3591; x_wconf 91' lang='lat' dir='ltr'>qui</span> <span class='ocrx_word' id='word_1_266' title='bbox 1080 3518 1161 3589; x_wconf 68' lang='lat' dir='ltr'>vulgo</span> 
     </span>
     <span class='ocr_line' id='line_1_32' title="bbox 103 3599 1162 3672; baseline -0.006 -17"><span class='ocrx_word' id='word_1_267' title='bbox 103 3601 194 3672; x_wconf 77' lang='lat' dir='ltr'>quibus</span> <span class='ocrx_word' id='word_1_268' title='bbox 206 3601 257 3654; x_wconf 76' lang='lat' dir='ltr'>tilii</span> <span class='ocrx_word' id='word_1_269' title='bbox 267 3601 358 3672; x_wconf 73' lang='lat' dir='ltr'>puelle</span> <span class='ocrx_word' id='word_1_270' title='bbox 368 3600 493 3653; x_wconf 85' lang='lat' dir='ltr'>constitit.</span> <span class='ocrx_word' id='word_1_271' title='bbox 501 3629 539 3640; x_wconf 90' lang='lat'>-</span> <span class='ocrx_word' id='word_1_272' title='bbox 550 3599 614 3652; x_wconf 81' lang='lat' dir='ltr'>Cau·</span> <span class='ocrx_word' id='word_1_273' title='bbox 654 3601 789 3671; x_wconf 88' lang='lat' dir='ltr'>sequitur,</span> <span class='ocrx_word' id='word_1_274' title='bbox 815 3599 917 3652; x_wconf 80' lang='lat' dir='ltr'>anteire</span> <span class='ocrx_word' id='word_1_275' title='bbox 940 3599 1016 3668; x_wconf 85' lang='lat' dir='ltr'>jussit</span> <span class='ocrx_word' id='word_1_276' title='bbox 1034 3599 1162 3651; x_wconf 79' lang='lat' dir='ltr'>Muretus.</span> 
     </span>
     <span class='ocr_line' id='line_1_33' title="bbox 104 3677 1163 3744; baseline -0.003 -12"><span class='ocrx_word' id='word_1_277' title='bbox 104 3699 150 3732; x_wconf 67' lang='lat' dir='ltr'>a</span> <span class='ocrx_word' id='word_1_278' title='bbox 161 3678 335 3733; x_wconf 59' lang='lat' dir='ltr'>adtumni</span> <span class='ocrx_word' id='word_1_279' title='bbox 349 3698 455 3734; x_wconf 74' lang='lat' dir='ltr'>causum</span> <span class='ocrx_word' id='word_1_280' title='bbox 471 3677 612 3732; x_wconf 78' lang='lat' dir='ltr'>dicendam</span> <span class='ocrx_word' id='word_1_281' title='bbox 654 3711 694 3724; x_wconf 84' lang='lat'>·—</span> <span class='ocrx_word' id='word_1_282' title='bbox 713 3679 814 3731; x_wconf 78' lang='lat' dir='ltr'>Homini</span> <span class='ocrx_word' id='word_1_283' title='bbox 831 3683 930 3744; x_wconf 66' lang='lat' dir='ltr'>misero,</span> <span class='ocrx_word' id='word_1_284' title='bbox 948 3680 967 3730; x_wconf 92' lang='lat' dir='ltr'>i.</span> <span class='ocrx_word' id='word_1_285' title='bbox 986 3697 1010 3730; x_wconf 88' lang='lat' dir='ltr'>e.</span> <span class='ocrx_word' id='word_1_286' title='bbox 1035 3677 1110 3730; x_wconf 91' lang='lat' dir='ltr'>mihi.</span> <span class='ocrx_word' id='word_1_287' title='bbox 1123 3707 1163 3719; x_wconf 93' lang='lat'>-</span> 
     </span>
     <span class='ocr_line' id='line_1_34' title="bbox 104 3757 1163 3833; baseline -0.004 -21"><span class='ocrx_word' id='word_1_288' title='bbox 104 3771 128 3812; x_wconf 89' lang='lat' dir='ltr'>te</span> <span class='ocrx_word' id='word_1_289' title='bbox 145 3779 303 3833; x_wconf 62' lang='lat' dir='ltr'>papum.</span> <span class='ocrx_word' id='word_1_290' title='bbox 324 3762 393 3814; x_wconf 85' lang='lat' dir='ltr'>Item</span> <span class='ocrx_word' id='word_1_291' title='bbox 422 3762 507 3813; x_wconf 85' lang='lat' dir='ltr'>Bruto</span> <span class='ocrx_word' id='word_1_292' title='bbox 527 3759 611 3812; x_wconf 83' lang='lat' dir='ltr'>Cicer.</span> <span class='ocrx_word' id='word_1_293' title='bbox 654 3760 716 3811; x_wconf 81' lang='lat' dir='ltr'>Pius</span> <span class='ocrx_word' id='word_1_294' title='bbox 731 3763 814 3831; x_wconf 78' lang='lat' dir='ltr'>quing.</span> <span class='ocrx_word' id='word_1_295' title='bbox 833 3759 879 3810; x_wconf 81' lang='lat' dir='ltr'>coi.</span> <span class='ocrx_word' id='word_1_296' title='bbox 902 3757 996 3829; x_wconf 78' lang='lat' dir='ltr'>supple</span> <span class='ocrx_word' id='word_1_297' title='bbox 1008 3769 1110 3829; x_wconf 66' lang='lat' dir='ltr'>‚pirum</span> <span class='ocrx_word' id='word_1_298' title='bbox 1125 3789 1163 3800; x_wconf 90' lang='lat'><em>-</em></span> 
     </span>
     <span class='ocr_line' id='line_1_35' title="bbox 106 3837 1163 3910; baseline -0.003 -20"><span class='ocrx_word' id='word_1_299' title='bbox 106 3859 197 3893; x_wconf 73' lang='lat' dir='ltr'>ema</span> <span class='ocrx_word' id='word_1_300' title='bbox 205 3841 324 3894; x_wconf 73' lang='lat' dir='ltr'>meditari.</span> <span class='ocrx_word' id='word_1_301' title='bbox 658 3839 761 3910; x_wconf 76' lang='lat' dir='ltr'>Coiupir.</span> <span class='ocrx_word' id='word_1_302' title='bbox 769 3841 875 3908; x_wconf 72' lang='lat' dir='ltr'>infregit.</span> <span class='ocrx_word' id='word_1_303' title='bbox 891 3837 1001 3891; x_wconf 87' lang='lat' dir='ltr'>Inflixit.</span> <span class='ocrx_word' id='word_1_304' title='bbox 1013 3837 1081 3890; x_wconf 81' lang='lat' dir='ltr'>Piin.</span> <span class='ocrx_word' id='word_1_305' title='bbox 1093 3854 1163 3900; x_wconf 84' lang='lat' dir='ltr'>vrrr,</span> 
     </span>
    </p>

    <p class='ocr_par' dir='ltr' id='par_1_11' title="bbox 108 3916 1163 4230">
     <span class='ocr_line' id='line_1_36' title="bbox 141 3916 1163 3988; baseline -0.008 -13"><span class='ocrx_word' id='word_1_306' title='bbox 141 3918 153 3940; x_wconf 83' lang='lat'>&#39;</span> <span class='ocrx_word' id='word_1_307' title='bbox 166 3922 259 3986; x_wconf 86' lang='lat' dir='ltr'>Quum</span> <span class='ocrx_word' id='word_1_308' title='bbox 275 3918 613 3983; x_wconf 74' lang='lat' dir='ltr'>Eechiuusebierit,inde</span> <span class='ocrx_word' id='word_1_309' title='bbox 658 3919 714 3984; x_wconf 83' lang='grc'>36,</span> <span class='ocrx_word' id='word_1_310' title='bbox 733 3916 767 3971; x_wconf 81' lang='lat' dir='ltr'>de</span> <span class='ocrx_word' id='word_1_311' title='bbox 787 3919 879 3971; x_wconf 83' lang='lat' dir='ltr'>ursis:</span> <span class='ocrx_word' id='word_1_312' title='bbox 904 3943 915 3965; x_wconf 80' lang='grc' dir='ltr'>ι</span> <span class='ocrx_word' id='word_1_313' title='bbox 938 3917 1013 3988; x_wconf 71' lang='lat' dir='ltr'>Supe</span> <span class='ocrx_word' id='word_1_314' title='bbox 1037 3918 1065 3968; x_wconf 91' lang='lat' dir='ltr'>iu</span> <span class='ocrx_word' id='word_1_315' title='bbox 1085 3934 1163 3968; x_wconf 78' lang='lat' dir='ltr'>arena</span> 
     </span>
     <span class='ocr_line' id='line_1_37' title="bbox 108 3994 1162 4073; baseline -0.009 -18"><span class='ocrx_word' id='word_1_316' title='bbox 108 4001 285 4055; x_wconf 65' lang='lat' dir='ltr'>:rammi</span> <span class='ocrx_word' id='word_1_317' title='bbox 292 3999 507 4073; x_wconf 72' lang='lat' dir='ltr'>srpmnelupiter</span> <span class='ocrx_word' id='word_1_318' title='bbox 516 4016 612 4052; x_wconf 83' lang='lat' dir='ltr'>novem</span> <span class='ocrx_word' id='word_1_319' title='bbox 657 3998 757 4070; x_wconf 73' lang='lat' dir='ltr'>colapho</span> <span class='ocrx_word' id='word_1_320' title='bbox 767 3997 1083 4066; x_wconf 79' lang='lat' dir='ltr'>infractoexunimautur.·</span> <span class='ocrx_word' id='word_1_321' title='bbox 1095 3994 1162 4046; x_wconf 80' lang='lat' dir='ltr'>Peri.</span> 
     </span>
     <span class='ocr_line' id='line_1_38' title="bbox 109 4076 1162 4146; baseline -0.009 -12"><span class='ocrx_word' id='word_1_322' title='bbox 109 4081 465 4136; x_wconf 70' lang='lat' dir='ltr'>mcumDecierieesse</span> <span class='ocrx_word' id='word_1_323' title='bbox 477 4079 614 4132; x_wconf 89' lang='lat' dir='ltr'>institueu-</span> <span class='ocrx_word' id='word_1_324' title='bbox 700 4095 764 4130; x_wconf 80' lang='lat' dir='ltr'>nor.</span> <span class='ocrx_word' id='word_1_325' title='bbox 784 4079 824 4132; x_wconf 83' lang='lat' dir='ltr'>Ob</span> <span class='ocrx_word' id='word_1_326' title='bbox 843 4078 971 4146; x_wconf 77' lang='lat' dir='ltr'>malefacto</span> <span class='ocrx_word' id='word_1_327' title='bbox 993 4077 1050 4129; x_wconf 75' lang='lat' dir='ltr'>isne.</span> <span class='ocrx_word' id='word_1_328' title='bbox 1071 4076 1162 4140; x_wconf 87' lang='lat' dir='ltr'>Quum</span> 
     </span>
     <span class='ocr_line' id='line_1_39' title="bbox 109 4156 1163 4230; baseline -0.009 -17"><span class='ocrx_word' id='word_1_329' title='bbox 109 4156 243 4217; x_wconf 66' lang='lat' dir='ltr'>‘huobis</span> <span class='ocrx_word' id='word_1_330' title='bbox 256 4163 345 4216; x_wconf 75' lang='lat' dir='ltr'>visum</span> <span class='ocrx_word' id='word_1_331' title='bbox 358 4175 409 4215; x_wconf 81' lang='lat' dir='ltr'>est.</span> <span class='ocrx_word' id='word_1_332' title='bbox 421 4189 460 4202; x_wconf 91' lang='lat'>-</span> <span class='ocrx_word' id='word_1_333' title='bbox 473 4159 540 4212; x_wconf 69' lang='lat' dir='ltr'>Proin</span> <span class='ocrx_word' id='word_1_334' title='bbox 548 4177 614 4230; x_wconf 81' lang='lat' dir='ltr'>supr.</span> <span class='ocrx_word' id='word_1_335' title='bbox 659 4177 700 4214; x_wconf 84' lang='lat' dir='ltr'>me</span> <span class='ocrx_word' id='word_1_336' title='bbox 713 4171 766 4212; x_wconf 80' lang='lat' dir='ltr'>tem</span> <span class='ocrx_word' id='word_1_337' title='bbox 782 4159 852 4212; x_wconf 78' lang='lat' dir='ltr'>mule</span> <span class='ocrx_word' id='word_1_338' title='bbox 863 4157 1067 4214; x_wconf 69' lang='lat' dir='ltr'>ornaverit...-</span> <span class='ocrx_word' id='word_1_339' title='bbox 1077 4156 1163 4208; x_wconf 81' lang='lat' dir='ltr'>Tanti·</span> 
     </span>
    </p>
   </div>
   <div class='ocr_carea' id='block_1_8' title="bbox 962 4249 1005 4334">
    <p class='ocr_par' dir='ltr' id='par_1_12' title="bbox 962 4249 1005 4334">
     <span class='ocr_line' id='line_1_40' title="bbox 962 4249 1005 4334; baseline 0 -46"><span class='ocrx_word' id='word_1_340' title='bbox 962 4249 1005 4334; x_wconf 47' lang='lat' dir='ltr'>p</span> 
     </span>
    </p>
   </div>
   <div class='ocr_carea' id='block_1_9' title="bbox 0 0 1574 5178">
    <p class='ocr_par' dir='ltr' id='par_1_13' title="bbox 0 0 1574 5178">
     <span class='ocr_line' id='line_1_41' title="bbox 0 0 1574 5178; baseline 0 0"><span class='ocrx_word' id='word_1_341' title='bbox 0 0 1574 5178; x_wconf 95' lang='lat' dir='ltr'> </span> 
     </span>
    </p>
   </div>
  </div>
 </body>
</html>
