<?xml version="1.0" encoding="UTF-8"?>
<!DOCTYPE html PUBLIC "-//W3C//DTD XHTML 1.0 Transitional//EN"
    "http://www.w3.org/TR/xhtml1/DTD/xhtml1-transitional.dtd">
<html xmlns="http://www.w3.org/1999/xhtml" xml:lang="en" lang="en">
 <head>
  <title>
</title>
<meta http-equiv="Content-Type" content="text/html;charset=utf-8" />
  <meta name='ocr-system' content='tesseract 3.04.00' />
  <meta name='ocr-capabilities' content='ocr_page ocr_carea ocr_par ocr_line ocrx_word'/>
</head>
<body>
  <div class='ocr_page' id='page_1' title='image "./publiiterentiia00lemagoog_0223.png"; bbox 0 0 3026 5184; ppageno 0'>
   <div class='ocr_carea' id='block_1_1' title="bbox 296 499 1139 589">
    <p class='ocr_par' dir='ltr' id='par_1_1' title="bbox 296 499 1139 589">
     <span class='ocr_line' id='line_1_1' title="bbox 296 499 1139 589; baseline 0.002 -17"><span class='ocrx_word' id='word_1_1' title='bbox 296 499 519 574; x_wconf 78' lang='lat' dir='ltr'><strong>HECYRA.</strong></span> <span class='ocrx_word' id='word_1_2' title='bbox 546 503 654 573; x_wconf 75' lang='lat' dir='ltr'><strong>tet.</strong></span> <span class='ocrx_word' id='word_1_3' title='bbox 681 506 725 589; x_wconf 87' lang='lat' dir='ltr'><strong>V,</strong></span> <span class='ocrx_word' id='word_1_4' title='bbox 752 505 822 574; x_wconf 92' lang='lat' dir='ltr'><strong>SC.</strong></span> <span class='ocrx_word' id='word_1_5' title='bbox 851 505 925 574; x_wconf 90' lang='grc' dir='ltr'><strong>ΙΙΙ.</strong></span> <span class='ocrx_word' id='word_1_6' title='bbox 1075 529 1139 574; x_wconf 75' lang='lat' dir='ltr'><strong>nor</strong></span> 
     </span>
    </p>
   </div>
   <div class='ocr_carea' id='block_1_2' title="bbox 87 633 1147 2431">
    <p class='ocr_par' dir='ltr' id='par_1_2' title="bbox 96 633 1147 812">
     <span class='ocr_line' id='line_1_2' title="bbox 96 633 1147 724; baseline -0.001 -17"><span class='ocrx_word' id='word_1_7' title='bbox 96 640 168 708; x_wconf 83' lang='lat' dir='ltr'><strong>Pin.</strong></span> <span class='ocrx_word' id='word_1_8' title='bbox 183 634 268 724; x_wconf 88' lang='lat' dir='ltr'><strong>Quid</strong></span> <span class='ocrx_word' id='word_1_9' title='bbox 289 633 361 704; x_wconf 83' lang='lat' dir='ltr'><strong>eo?</strong></span> <span class='ocrx_word' id='word_1_10' title='bbox 381 639 466 706; x_wconf 73' lang='lat' dir='ltr'><strong>Bne.</strong></span> <span class='ocrx_word' id='word_1_11' title='bbox 486 638 624 707; x_wconf 81' lang='lat' dir='ltr'><strong>Diome</strong></span> <span class='ocrx_word' id='word_1_12' title='bbox 647 660 761 720; x_wconf 88' lang='lat' dir='ltr'><strong>orere,</strong></span> <span class='ocrx_word' id='word_1_13' title='bbox 783 650 821 705; x_wconf 92' lang='lat' dir='ltr'><strong>ut</strong></span> <span class='ocrx_word' id='word_1_14' title='bbox 838 638 960 706; x_wconf 86' lang='lat' dir='ltr'><strong>veniet.</strong></span> <span class='ocrx_word' id='word_1_15' title='bbox 989 635 1075 706; x_wconf 71' lang='lat' dir='ltr'><strong>Pin.</strong></span> <span class='ocrx_word' id='word_1_16' title='bbox 1094 638 1147 708; x_wconf 84' lang='lat' dir='ltr'><strong>Ad</strong></span> 
     </span>
     <span class='ocr_line' id='line_1_3' title="bbox 151 731 1147 812; baseline 0.003 -2"><span class='ocrx_word' id='word_1_17' title='bbox 151 731 154 750; x_wconf 68' lang='lat'>¹</span> <span class='ocrx_word' id='word_1_18' title='bbox 233 739 291 810; x_wconf 80' lang='lat' dir='ltr'><strong>te?</strong></span> <span class='ocrx_word' id='word_1_19' title='bbox 307 745 391 812; x_wconf 70' lang='lat' dir='ltr'><strong>Boc.</strong></span> <span class='ocrx_word' id='word_1_20' title='bbox 411 746 521 812; x_wconf 88' lang='lat' dir='ltr'><strong>Immo</strong></span> <span class='ocrx_word' id='word_1_21' title='bbox 539 743 582 812; x_wconf 88' lang='lat' dir='ltr'><strong>ad</strong></span> <span class='ocrx_word' id='word_1_22' title='bbox 600 740 841 812; x_wconf 87' lang='lat' dir='ltr'><strong>Philumenam.</strong></span> <span class='ocrx_word' id='word_1_23' title='bbox 1108 766 1147 802; x_wconf 77' lang='lat'><strong>⁸10</strong></span> 
     </span>
    </p>

    <p class='ocr_par' dir='ltr' id='par_1_3' title="bbox 95 847 1145 1024">
     <span class='ocr_line' id='line_1_4' title="bbox 95 847 1145 944; baseline 0.004 -28"><span class='ocrx_word' id='word_1_24' title='bbox 95 851 165 919; x_wconf 85' lang='lat' dir='ltr'><strong>Pm.</strong></span> <span class='ocrx_word' id='word_1_25' title='bbox 182 847 269 937; x_wconf 89' lang='lat' dir='ltr'>Quid</span> <span class='ocrx_word' id='word_1_26' title='bbox 285 849 333 918; x_wconf 87' lang='lat' dir='ltr'><strong>rei</strong></span> <span class='ocrx_word' id='word_1_27' title='bbox 352 847 429 918; x_wconf 79' lang='lat' dir='ltr'><strong>est?</strong></span> <span class='ocrx_word' id='word_1_28' title='bbox 447 852 529 920; x_wconf 74' lang='lat' dir='ltr'><strong>Boc.</strong></span> <span class='ocrx_word' id='word_1_29' title='bbox 548 851 621 918; x_wconf 86' lang='lat' dir='ltr'><strong>Tua</strong></span> <span class='ocrx_word' id='word_1_30' title='bbox 636 849 727 944; x_wconf 89' lang='lat' dir='ltr'><strong>quod</strong></span> <span class='ocrx_word' id='word_1_31' title='bbox 747 848 794 918; x_wconf 90' lang='lat' dir='ltr'><strong>nil</strong></span> <span class='ocrx_word' id='word_1_32' title='bbox 815 848 935 937; x_wconf 80' lang='lat' dir='ltr'><strong>refert,</strong></span> <span class='ocrx_word' id='word_1_33' title='bbox 956 854 1145 944; x_wconf 84' lang='lat' dir='ltr'><strong>percontari</strong></span> 
     </span>
     <span class='ocr_line' id='line_1_5' title="bbox 230 953 372 1024; baseline -0.021 -1"><span class='ocrx_word' id='word_1_34' title='bbox 230 953 372 1024; x_wconf 77' lang='lat' dir='ltr'><strong>desinas.</strong></span> 
     </span>
    </p>

    <p class='ocr_par' dir='ltr' id='par_1_4' title="bbox 93 1059 1142 1263">
     <span class='ocr_line' id='line_1_6' title="bbox 93 1059 1142 1156; baseline 0.005 -28"><span class='ocrx_word' id='word_1_35' title='bbox 93 1063 163 1132; x_wconf 80' lang='lat' dir='ltr'><strong>Pm.</strong></span> <span class='ocrx_word' id='word_1_36' title='bbox 184 1059 237 1128; x_wconf 87' lang='lat' dir='ltr'><strong>Nil</strong></span> <span class='ocrx_word' id='word_1_37' title='bbox 266 1059 356 1129; x_wconf 84' lang='lat' dir='ltr'><strong>aliud</strong></span> <span class='ocrx_word' id='word_1_38' title='bbox 374 1059 506 1131; x_wconf 73' lang='lat' dir='ltr'><strong>dicum?</strong></span> <span class='ocrx_word' id='word_1_39' title='bbox 525 1065 610 1132; x_wconf 70' lang='lat' dir='ltr'><strong>Boc.</strong></span> <span class='ocrx_word' id='word_1_40' title='bbox 633 1062 743 1131; x_wconf 86' lang='lat' dir='ltr'><strong>Etium</strong></span> <span class='ocrx_word' id='word_1_41' title='bbox 767 1087 775 1129; x_wconf 95' lang='lat'><strong>:</strong></span> <span class='ocrx_word' id='word_1_42' title='bbox 802 1086 962 1156; x_wconf 76' lang='lat' dir='ltr'><strong>cognosse</strong></span> <span class='ocrx_word' id='word_1_43' title='bbox 983 1062 1142 1134; x_wconf 87' lang='lat' dir='ltr'><strong>annulum</strong></span> 
     </span>
     <span class='ocr_line' id='line_1_7' title="bbox 231 1163 552 1263; baseline 0.006 -27"><span class='ocrx_word' id='word_1_44' title='bbox 231 1163 325 1236; x_wconf 83' lang='lat' dir='ltr'><strong>iilum</strong></span> <span class='ocrx_word' id='word_1_45' title='bbox 344 1167 552 1263; x_wconf 83' lang='lat' dir='ltr'>Myrrhinam</span> 
     </span>
    </p>

    <p class='ocr_par' dir='ltr' id='par_1_5' title="bbox 91 1272 1138 1369">
     <span class='ocr_line' id='line_1_8' title="bbox 91 1272 1138 1369; baseline 0.003 -27"><span class='ocrx_word' id='word_1_46' title='bbox 91 1275 192 1342; x_wconf 80' lang='lat' dir='ltr'><strong>Gnatae</strong></span> <span class='ocrx_word' id='word_1_47' title='bbox 202 1297 268 1343; x_wconf 81' lang='lat' dir='ltr'><strong>sure</strong></span> <span class='ocrx_word' id='word_1_48' title='bbox 279 1272 402 1358; x_wconf 88' lang='lat' dir='ltr'><strong>fuisse,</strong></span> <span class='ocrx_word' id='word_1_49' title='bbox 418 1299 516 1368; x_wconf 92' lang='lat' dir='ltr'><strong>quem</strong></span> <span class='ocrx_word' id='word_1_50' title='bbox 535 1277 625 1369; x_wconf 90' lang='lat' dir='ltr'><strong>ipsus</strong></span> <span class='ocrx_word' id='word_1_51' title='bbox 638 1272 716 1343; x_wconf 88' lang='lat' dir='ltr'><strong>olim</strong></span> <span class='ocrx_word' id='word_1_52' title='bbox 732 1272 778 1342; x_wconf 82' lang='lat' dir='ltr'><strong>mi</strong></span> <span class='ocrx_word' id='word_1_53' title='bbox 790 1272 935 1342; x_wconf 82' lang='lat' dir='ltr'><strong>dederat.</strong></span> <span class='ocrx_word' id='word_1_54' title='bbox 951 1273 1037 1344; x_wconf 74' lang='lat' dir='ltr'><strong>Pon.</strong></span> <span class='ocrx_word' id='word_1_55' title='bbox 1053 1276 1138 1345; x_wconf 88' lang='lat' dir='ltr'><strong>Scio.</strong></span> 
     </span>
    </p>

    <p class='ocr_par' dir='ltr' id='par_1_6' title="bbox 89 1377 1140 1555">
     <span class='ocr_line' id='line_1_9' title="bbox 89 1377 1140 1462; baseline 0.006 -16"><span class='ocrx_word' id='word_1_56' title='bbox 89 1380 257 1448; x_wconf 80' lang='lat' dir='ltr'><strong>Tantumne</strong></span> <span class='ocrx_word' id='word_1_57' title='bbox 274 1377 348 1450; x_wconf 86' lang='lat' dir='ltr'><strong>est?</strong></span> <span class='ocrx_word' id='word_1_58' title='bbox 361 1383 445 1450; x_wconf 73' lang='lat' dir='ltr'><strong>Bne.</strong></span> <span class='ocrx_word' id='word_1_59' title='bbox 460 1382 603 1451; x_wconf 80' lang='lat' dir='ltr'><strong>Tantum</strong></span> <span class='ocrx_word' id='word_1_60' title='bbox 617 1405 624 1448; x_wconf 90' lang='lat'>:</span> <span class='ocrx_word' id='word_1_61' title='bbox 639 1378 745 1449; x_wconf 84' lang='lat' dir='ltr'><strong>aderit</strong></span> <span class='ocrx_word' id='word_1_62' title='bbox 755 1379 929 1462; x_wconf 85' lang='lat' dir='ltr'><strong>continuo,</strong></span> <span class='ocrx_word' id='word_1_63' title='bbox 949 1378 1015 1450; x_wconf 85' lang='lat' dir='ltr'><strong>hoc</strong></span> <span class='ocrx_word' id='word_1_64' title='bbox 1030 1381 1088 1450; x_wconf 90' lang='lat' dir='ltr'><strong>ubi</strong></span> <span class='ocrx_word' id='word_1_65' title='bbox 1100 1407 1140 1452; x_wconf 85' lang='lat' dir='ltr'><strong>ex</strong></span> 
     </span>
     <span class='ocr_line' id='line_1_10' title="bbox 229 1485 460 1555; baseline 0 -1"><span class='ocrx_word' id='word_1_66' title='bbox 229 1499 263 1554; x_wconf 87' lang='lat' dir='ltr'><strong>te</strong></span> <span class='ocrx_word' id='word_1_67' title='bbox 285 1485 460 1555; x_wconf 77' lang='lat' dir='ltr'><strong>erudiverit.</strong></span> 
     </span>
    </p>

    <p class='ocr_par' dir='ltr' id='par_1_7' title="bbox 89 1589 1140 1768">
     <span class='ocr_line' id='line_1_11' title="bbox 89 1589 1139 1690; baseline 0.007 -31"><span class='ocrx_word' id='word_1_68' title='bbox 89 1589 145 1659; x_wconf 88' lang='lat' dir='ltr'><strong>Sed</strong></span> <span class='ocrx_word' id='word_1_69' title='bbox 156 1589 288 1660; x_wconf 77' lang='lat' dir='ltr'>cessas?</span> <span class='ocrx_word' id='word_1_70' title='bbox 309 1592 396 1686; x_wconf 67' lang='lat' dir='ltr'><strong>Pon.</strong></span> <span class='ocrx_word' id='word_1_71' title='bbox 413 1593 565 1662; x_wconf 87' lang='lat' dir='ltr'><strong>Minume</strong></span> <span class='ocrx_word' id='word_1_72' title='bbox 579 1592 733 1686; x_wconf 86' lang='lat' dir='ltr'><strong>equidem</strong></span> <span class='ocrx_word' id='word_1_73' title='bbox 749 1617 756 1661; x_wconf 92' lang='lat'><strong>:</strong></span> <span class='ocrx_word' id='word_1_74' title='bbox 773 1615 851 1661; x_wconf 86' lang='lat' dir='ltr'><strong>uum</strong></span> <span class='ocrx_word' id='word_1_75' title='bbox 865 1591 965 1661; x_wconf 88' lang='lat' dir='ltr'><strong>hodie</strong></span> <span class='ocrx_word' id='word_1_76' title='bbox 984 1594 1066 1662; x_wconf 90' lang='lat' dir='ltr'><strong>mihi</strong></span> <span class='ocrx_word' id='word_1_77' title='bbox 1077 1620 1139 1690; x_wconf 90' lang='lat' dir='ltr'><strong>po-</strong></span> 
     </span>
     <span class='ocr_line' id='line_1_12' title="bbox 230 1698 1140 1768; baseline 0.001 -2"><span class='ocrx_word' id='word_1_78' title='bbox 230 1710 332 1767; x_wconf 80' lang='lat' dir='ltr'><strong>testus</strong></span> <span class='ocrx_word' id='word_1_79' title='bbox 349 1698 440 1768; x_wconf 81' lang='lat' dir='ltr'><strong>haud</strong></span> <span class='ocrx_word' id='word_1_80' title='bbox 458 1698 535 1768; x_wconf 82' lang='lat' dir='ltr'><strong>deta</strong></span> <span class='ocrx_word' id='word_1_81' title='bbox 550 1701 611 1768; x_wconf 79' lang='lat' dir='ltr'><strong>&#39;stz</strong></span> <span class='ocrx_word' id='word_1_82' title='bbox 1102 1723 1140 1764; x_wconf 79' lang='lat' dir='ltr'><strong>us</strong></span> 
     </span>
    </p>

    <p class='ocr_par' dir='ltr' id='par_1_8' title="bbox 88 1803 1141 1899">
     <span class='ocr_line' id='line_1_13' title="bbox 88 1803 1141 1899; baseline 0.002 -27"><span class='ocrx_word' id='word_1_83' title='bbox 88 1807 132 1874; x_wconf 82' lang='lat' dir='ltr'><strong>lte</strong></span> <span class='ocrx_word' id='word_1_84' title='bbox 143 1803 303 1874; x_wconf 70' lang='lat' dir='ltr'><strong>eumundo</strong></span> <span class='ocrx_word' id='word_1_85' title='bbox 318 1818 418 1899; x_wconf 87' lang='lat' dir='ltr'><strong>etque</strong></span> <span class='ocrx_word' id='word_1_86' title='bbox 439 1803 640 1876; x_wconf 77' lang='lat' dir='ltr'><strong>ambulando</strong></span> <span class='ocrx_word' id='word_1_87' title='bbox 657 1817 765 1873; x_wconf 89' lang='lat' dir='ltr'><strong>totum</strong></span> <span class='ocrx_word' id='word_1_88' title='bbox 779 1803 871 1873; x_wconf 90' lang='lat' dir='ltr'><strong>hune</strong></span> <span class='ocrx_word' id='word_1_89' title='bbox 885 1807 1026 1875; x_wconf 84' lang='lat' dir='ltr'><strong>contrivi</strong></span> <span class='ocrx_word' id='word_1_90' title='bbox 1041 1807 1141 1876; x_wconf 90' lang='lat' dir='ltr'><strong>diem.</strong></span> 
     </span>
    </p>

    <p class='ocr_par' dir='ltr' id='par_1_9' title="bbox 88 1901 1142 2008">
     <span class='ocr_line' id='line_1_14' title="bbox 88 1901 1142 2008; baseline 0.005 -32"><span class='ocrx_word' id='word_1_91' title='bbox 88 1901 160 1981; x_wconf 75' lang='lat' dir='ltr'><strong>Bru.</strong></span> <span class='ocrx_word' id='word_1_92' title='bbox 192 1912 364 2001; x_wconf 83' lang='lat' dir='ltr'><strong>Quantam</strong></span> <span class='ocrx_word' id='word_1_93' title='bbox 393 1909 501 1981; x_wconf 92' lang='lat' dir='ltr'><strong>obtuli</strong></span> <span class='ocrx_word' id='word_1_94' title='bbox 529 1909 674 1980; x_wconf 81' lang='lat' dir='ltr'><strong>adventu</strong></span> <span class='ocrx_word' id='word_1_95' title='bbox 698 1934 775 1981; x_wconf 85' lang='lat' dir='ltr'><strong>meo</strong></span> <span class='ocrx_word' id='word_1_96' title='bbox 797 1909 942 1980; x_wconf 65' lang='lat' dir='ltr'><strong>letitiam</strong></span> <span class='ocrx_word' id='word_1_97' title='bbox 966 1907 1142 2008; x_wconf 80' lang='lat' dir='ltr'><strong>Pamphilo</strong></span> 
     </span>
    </p>

    <p class='ocr_par' dir='ltr' id='par_1_10' title="bbox 87 2119 1072 2219">
     <span class='ocr_line' id='line_1_15' title="bbox 87 2119 1072 2219; baseline 0.004 -28"><span class='ocrx_word' id='word_1_98' title='bbox 87 2123 168 2212; x_wconf 90' lang='lat' dir='ltr'><strong>Quot</strong></span> <span class='ocrx_word' id='word_1_99' title='bbox 179 2123 375 2194; x_wconf 82' lang='lat' dir='ltr'><strong>commodes</strong></span> <span class='ocrx_word' id='word_1_100' title='bbox 392 2149 446 2194; x_wconf 85' lang='lat' dir='ltr'><strong>res</strong></span> <span class='ocrx_word' id='word_1_101' title='bbox 465 2119 578 2194; x_wconf 86' lang='lat' dir='ltr'><strong>attuli!</strong></span> <span class='ocrx_word' id='word_1_102' title='bbox 597 2138 680 2219; x_wconf 88' lang='lat' dir='ltr'><strong>quot</strong></span> <span class='ocrx_word' id='word_1_103' title='bbox 697 2137 808 2194; x_wconf 84' lang='lat' dir='ltr'><strong>eutem</strong></span> <span class='ocrx_word' id='word_1_104' title='bbox 830 2123 938 2196; x_wconf 86' lang='lat' dir='ltr'><strong>ademi</strong></span> <span class='ocrx_word' id='word_1_105' title='bbox 957 2122 1072 2198; x_wconf 83' lang='lat' dir='ltr'><strong>curos!</strong></span> 
     </span>
    </p>

    <p class='ocr_par' dir='ltr' id='par_1_11' title="bbox 87 2229 1141 2329">
     <span class='ocr_line' id='line_1_16' title="bbox 87 2229 1141 2329; baseline 0.007 -33"><span class='ocrx_word' id='word_1_106' title='bbox 87 2230 219 2299; x_wconf 80' lang='lat' dir='ltr'><strong>Gnatum</strong></span> <span class='ocrx_word' id='word_1_107' title='bbox 233 2233 264 2300; x_wconf 93' lang='lat' dir='ltr'><strong>ei</strong></span> <span class='ocrx_word' id='word_1_108' title='bbox 276 2233 426 2314; x_wconf 83' lang='lat' dir='ltr'><strong>restituo,</strong></span> <span class='ocrx_word' id='word_1_109' title='bbox 442 2229 499 2324; x_wconf 93' lang='lat' dir='ltr'><strong>qui</strong></span> <span class='ocrx_word' id='word_1_110' title='bbox 512 2254 605 2326; x_wconf 82' lang='lat' dir='ltr'><strong>paene</strong></span> <span class='ocrx_word' id='word_1_111' title='bbox 618 2230 738 2299; x_wconf 85' lang='lat' dir='ltr'><strong>harum</strong></span> <span class='ocrx_word' id='word_1_112' title='bbox 748 2231 914 2325; x_wconf 88' lang='lat' dir='ltr'><strong>ipsiusque</strong></span> <span class='ocrx_word' id='word_1_113' title='bbox 925 2257 1026 2328; x_wconf 86' lang='lat' dir='ltr'><strong>opere</strong></span> <span class='ocrx_word' id='word_1_114' title='bbox 1034 2234 1141 2329; x_wconf 85' lang='lat' dir='ltr'><strong>periit:</strong></span> 
     </span>
    </p>

    <p class='ocr_par' dir='ltr' id='par_1_12' title="bbox 87 2336 1140 2431">
     <span class='ocr_line' id='line_1_17' title="bbox 87 2336 1140 2431; baseline 0.006 -28"><span class='ocrx_word' id='word_1_115' title='bbox 87 2337 237 2424; x_wconf 83' lang='lat' dir='ltr'><strong>Uxorem,</strong></span> <span class='ocrx_word' id='word_1_116' title='bbox 251 2361 353 2431; x_wconf 82' lang='lat' dir='ltr'><strong>quum</strong></span> <span class='ocrx_word' id='word_1_117' title='bbox 364 2361 535 2431; x_wconf 81' lang='lat' dir='ltr'><strong>uunqrtem</strong></span> <span class='ocrx_word' id='word_1_118' title='bbox 551 2350 603 2406; x_wconf 87' lang='lat' dir='ltr'><strong>est</strong></span> <span class='ocrx_word' id='word_1_119' title='bbox 616 2351 707 2407; x_wconf 76' lang='lat' dir='ltr'><strong>ratus</strong></span> <span class='ocrx_word' id='word_1_120' title='bbox 724 2336 863 2431; x_wconf 82' lang='lat' dir='ltr'><strong>posthae</strong></span> <span class='ocrx_word' id='word_1_121' title='bbox 881 2362 917 2406; x_wconf 89' lang='lat' dir='ltr'><strong>se</strong></span> <span class='ocrx_word' id='word_1_122' title='bbox 930 2338 1140 2424; x_wconf 78' lang='lat' dir='ltr'><strong>habiturum,</strong></span> 
     </span>
    </p>
   </div>
   <div class='ocr_carea' id='block_1_3' title="bbox 230 2443 1143 2532">
    <p class='ocr_par' dir='ltr' id='par_1_13' title="bbox 230 2443 1143 2532">
     <span class='ocr_line' id='line_1_18' title="bbox 230 2443 1143 2532; baseline -0.004 -20"><span class='ocrx_word' id='word_1_123' title='bbox 230 2443 364 2532; x_wconf 64' lang='lat' dir='ltr'><strong>reddo,</strong></span> <span class='ocrx_word' id='word_1_124' title='bbox 1103 2468 1143 2508; x_wconf 76' lang='grc' dir='ltr'><strong>ι..</strong></span> 
     </span>
    </p>
   </div>
   <div class='ocr_carea' id='block_1_4' title="bbox 86 2548 1059 2756">
    <p class='ocr_par' dir='ltr' id='par_1_14' title="bbox 86 2548 1059 2756">
     <span class='ocr_line' id='line_1_19' title="bbox 86 2548 1059 2646; baseline 0.003 -28"><span class='ocrx_word' id='word_1_125' title='bbox 86 2549 151 2638; x_wconf 82' lang='lat' dir='ltr'><strong>Qua</strong></span> <span class='ocrx_word' id='word_1_126' title='bbox 165 2575 200 2618; x_wconf 88' lang='lat' dir='ltr'><strong>re</strong></span> <span class='ocrx_word' id='word_1_127' title='bbox 217 2563 391 2646; x_wconf 90' lang='lat' dir='ltr'><strong>suspectus</strong></span> <span class='ocrx_word' id='word_1_128' title='bbox 406 2574 466 2620; x_wconf 88' lang='lat' dir='ltr'><strong>suo</strong></span> <span class='ocrx_word' id='word_1_129' title='bbox 480 2552 569 2646; x_wconf 89' lang='lat' dir='ltr'><strong>petri</strong></span> <span class='ocrx_word' id='word_1_130' title='bbox 586 2562 620 2620; x_wconf 91' lang='lat' dir='ltr'><strong>et</strong></span> <span class='ocrx_word' id='word_1_131' title='bbox 634 2548 800 2645; x_wconf 90' lang='lat' dir='ltr'><strong>Phidippo</strong></span> <span class='ocrx_word' id='word_1_132' title='bbox 819 2549 902 2636; x_wconf 81' lang='lat' dir='ltr'><strong>fuit,</strong></span> <span class='ocrx_word' id='word_1_133' title='bbox 924 2551 1059 2621; x_wconf 86' lang='lat' dir='ltr'><strong>exsolvi.</strong></span> 
     </span>
     <span class='ocr_line' id='line_1_20' title="bbox 86 2655 1046 2756; baseline 0.005 -33"><span class='ocrx_word' id='word_1_134' title='bbox 86 2657 138 2725; x_wconf 86' lang='lat' dir='ltr'><strong>Hie</strong></span> <span class='ocrx_word' id='word_1_135' title='bbox 152 2656 234 2727; x_wconf 83' lang='lat' dir='ltr'><strong>odeo</strong></span> <span class='ocrx_word' id='word_1_136' title='bbox 251 2657 305 2726; x_wconf 90' lang='lat' dir='ltr'><strong>his</strong></span> <span class='ocrx_word' id='word_1_137' title='bbox 320 2657 419 2727; x_wconf 88' lang='lat' dir='ltr'><strong>rebus</strong></span> <span class='ocrx_word' id='word_1_138' title='bbox 441 2656 582 2727; x_wconf 84' lang='lat' dir='ltr'><strong>annulus</strong></span> <span class='ocrx_word' id='word_1_139' title='bbox 599 2655 672 2756; x_wconf 71' lang='lat' dir='ltr'><strong>fuit</strong></span> <span class='ocrx_word' id='word_1_140' title='bbox 684 2656 813 2724; x_wconf 89' lang='lat' dir='ltr'><strong>initium</strong></span> <span class='ocrx_word' id='word_1_141' title='bbox 829 2657 1046 2728; x_wconf 88' lang='lat' dir='ltr'><strong>inveniundis.</strong></span> 
     </span>
    </p>
   </div>
   <div class='ocr_carea' id='block_1_5' title="bbox 82 2835 1146 4255">
    <p class='ocr_par' dir='ltr' id='par_1_15' title="bbox 82 2835 1146 4255">
     <span class='ocr_line' id='line_1_21' title="bbox 85 2835 1142 2911; baseline 0.008 -21"><span class='ocrx_word' id='word_1_142' title='bbox 85 2835 139 2890; x_wconf 81' lang='lat' dir='ltr'><strong>dun</strong></span> <span class='ocrx_word' id='word_1_143' title='bbox 148 2837 217 2911; x_wconf 79' lang='lat' dir='ltr'><strong>qood</strong></span> <span class='ocrx_word' id='word_1_144' title='bbox 227 2838 343 2893; x_wconf 75' lang='lat' dir='ltr'><strong>ibinitio</strong></span> <span class='ocrx_word' id='word_1_145' title='bbox 353 2837 488 2894; x_wconf 81' lang='lat' dir='ltr'><strong>eomodise</strong></span> <span class='ocrx_word' id='word_1_146' title='bbox 497 2855 583 2910; x_wconf 79' lang='lat' dir='ltr'><strong>usque</strong></span> <span class='ocrx_word' id='word_1_147' title='bbox 626 2835 703 2890; x_wconf 82' lang='lat' dir='ltr'><strong>niose</strong></span> <span class='ocrx_word' id='word_1_148' title='bbox 711 2836 868 2909; x_wconf 77' lang='lat' dir='ltr'><strong>explicetur,</strong></span> <span class='ocrx_word' id='word_1_149' title='bbox 878 2855 929 2909; x_wconf 90' lang='lat' dir='ltr'><strong>pro</strong></span> <span class='ocrx_word' id='word_1_150' title='bbox 937 2837 1042 2910; x_wconf 77' lang='lat' dir='ltr'><strong>pigritie</strong></span> <span class='ocrx_word' id='word_1_151' title='bbox 1057 2854 1082 2894; x_wconf 86' lang='lat' dir='ltr'><strong>et</strong></span> <span class='ocrx_word' id='word_1_152' title='bbox 1096 2861 1142 2898; x_wconf 87' lang='lat' dir='ltr'><strong>eu·</strong></span> 
     </span>
     <span class='ocr_line' id='line_1_22' title="bbox 84 2915 1140 2993; baseline 0.003 -26"><span class='ocrx_word' id='word_1_153' title='bbox 84 2915 113 2968; x_wconf 83' lang='lat' dir='ltr'><strong>ed</strong></span> <span class='ocrx_word' id='word_1_154' title='bbox 123 2919 198 2971; x_wconf 78' lang='lat' dir='ltr'><strong>finem</strong></span> <span class='ocrx_word' id='word_1_155' title='bbox 210 2918 343 2972; x_wconf 77' lang='lat' dir='ltr'><strong>Pur-meno</strong></span> <span class='ocrx_word' id='word_1_156' title='bbox 357 2918 471 2972; x_wconf 84' lang='lat' dir='ltr'><strong>mittitur</strong></span> <span class='ocrx_word' id='word_1_157' title='bbox 481 2929 512 2970; x_wconf 88' lang='lat' dir='ltr'><strong>ut</strong></span> <span class='ocrx_word' id='word_1_158' title='bbox 521 2935 583 2970; x_wconf 86' lang='lat' dir='ltr'><strong>our·</strong></span> <span class='ocrx_word' id='word_1_159' title='bbox 626 2915 745 2970; x_wconf 78' lang='lat' dir='ltr'><strong>riositete</strong></span> <span class='ocrx_word' id='word_1_160' title='bbox 758 2915 946 2981; x_wconf 74' lang='lat' dir='ltr'><strong>Parmenonis,</strong></span> <span class='ocrx_word' id='word_1_161' title='bbox 956 2935 1069 2974; x_wconf 75' lang='lat' dir='ltr'><strong>mouere</strong></span> <span class='ocrx_word' id='word_1_162' title='bbox 1079 2939 1140 2993; x_wconf 77' lang='lat' dir='ltr'><strong>per.</strong></span> 
     </span>
     <span class='ocr_line' id='line_1_23' title="bbox 84 2995 1141 3070; baseline 0.004 -24"><span class='ocrx_word' id='word_1_163' title='bbox 84 3008 129 3047; x_wconf 79' lang='lat' dir='ltr'><strong>nt:</strong></span> <span class='ocrx_word' id='word_1_164' title='bbox 140 2999 274 3050; x_wconf 76' lang='lat' dir='ltr'><strong>eteeletor</strong></span> <span class='ocrx_word' id='word_1_165' title='bbox 284 3011 315 3051; x_wconf 88' lang='lat' dir='ltr'><strong>ut</strong></span> <span class='ocrx_word' id='word_1_166' title='bbox 327 2995 522 3070; x_wconf 74' lang='lat' dir='ltr'><strong>neseiat,quod</strong></span> <span class='ocrx_word' id='word_1_167' title='bbox 534 3015 581 3050; x_wconf 89' lang='lat' dir='ltr'><strong>eu·</strong></span> <span class='ocrx_word' id='word_1_168' title='bbox 624 2995 752 3066; x_wconf 76' lang='lat' dir='ltr'><strong>optantis.</strong></span> <span class='ocrx_word' id='word_1_169' title='bbox 763 3025 799 3036; x_wconf 90' lang='lat'>—</span> <span class='ocrx_word' id='word_1_170' title='bbox 812 3001 874 3046; x_wconf 81' lang='lat' dir='ltr'><strong>Hoc.</strong></span> <span class='ocrx_word' id='word_1_171' title='bbox 885 2995 945 3048; x_wconf 88' lang='lat' dir='ltr'><strong>Lib.</strong></span> <span class='ocrx_word' id='word_1_172' title='bbox 961 3009 1015 3050; x_wconf 83' lang='lat' dir='ltr'><strong>unt.</strong></span> <span class='ocrx_word' id='word_1_173' title='bbox 1029 3003 1091 3053; x_wconf 79' lang='lat' dir='ltr'><strong>lroec.</strong></span> <span class='ocrx_word' id='word_1_174' title='bbox 1104 3033 1141 3043; x_wconf 91' lang='lat'>-</span> 
     </span>
     <span class='ocr_line' id='line_1_24' title="bbox 84 3073 1139 3154; baseline 0.002 -28"><span class='ocrx_word' id='word_1_175' title='bbox 84 3074 293 3130; x_wconf 74' lang='lat' dir='ltr'><strong>riosederideret.</strong></span> <span class='ocrx_word' id='word_1_176' title='bbox 306 3081 371 3130; x_wconf 79' lang='lat' dir='ltr'><strong>Dori.</strong></span> <span class='ocrx_word' id='word_1_177' title='bbox 523 3117 525 3122; x_wconf 96' lang='lat'><em>.</em></span> <span class='ocrx_word' id='word_1_178' title='bbox 625 3076 759 3127; x_wconf 76' lang='lat' dir='ltr'><strong>Audiven&#39;t.</strong></span> <span class='ocrx_word' id='word_1_179' title='bbox 784 3073 815 3126; x_wconf 90' lang='lat' dir='ltr'><strong>C.</strong></span> <span class='ocrx_word' id='word_1_180' title='bbox 831 3074 864 3126; x_wconf 59' lang='lat' dir='ltr'><strong>Gr</strong></span> <span class='ocrx_word' id='word_1_181' title='bbox 884 3091 919 3138; x_wconf 78' lang='lat' dir='ltr'><strong>m.</strong></span> <span class='ocrx_word' id='word_1_182' title='bbox 939 3079 1053 3130; x_wconf 55' lang='lat' dir='ltr'><strong>mont.</strong></span> <span class='ocrx_word' id='word_1_183' title='bbox 1075 3079 1139 3154; x_wconf 83' lang='lat' dir='ltr'><strong>sup.</strong></span> 
     </span>
     <span class='ocr_line' id='line_1_25' title="bbox 112 3153 946 3228; baseline -0.002 -22"><span class='ocrx_word' id='word_1_184' title='bbox 112 3155 166 3209; x_wconf 66' lang='grc' dir='ltr'><strong>δια</strong></span> <span class='ocrx_word' id='word_1_185' title='bbox 181 3159 258 3224; x_wconf 81' lang='lat' dir='ltr'><strong>Quid,</strong></span> <span class='ocrx_word' id='word_1_186' title='bbox 271 3166 380 3228; x_wconf 83' lang='lat' dir='ltr'><strong>propter</strong></span> <span class='ocrx_word' id='word_1_187' title='bbox 393 3153 471 3228; x_wconf 84' lang='lat' dir='ltr'><strong>quid.</strong></span> <span class='ocrx_word' id='word_1_188' title='bbox 484 3154 581 3220; x_wconf 75' lang='lat' dir='ltr'><strong>-Eo&#39;,</strong></span> <span class='ocrx_word' id='word_1_189' title='bbox 624 3169 677 3206; x_wconf 84' lang='lat' dir='ltr'><strong>ser.</strong></span> <span class='ocrx_word' id='word_1_190' title='bbox 693 3156 725 3204; x_wconf 77' lang='lat' dir='ltr'><strong>de</strong></span> <span class='ocrx_word' id='word_1_191' title='bbox 740 3156 827 3204; x_wconf 73' lang='lat' dir='ltr'><strong>anulio</strong></span> <span class='ocrx_word' id='word_1_192' title='bbox 839 3157 946 3221; x_wconf 72' lang='lat' dir='ltr'><strong>cognito</strong></span> 
     </span>
     <span class='ocr_line' id='line_1_26' title="bbox 84 3231 1140 3306; baseline 0.004 -20"><span class='ocrx_word' id='word_1_193' title='bbox 84 3232 296 3306; x_wconf 78' lang='lat' dir='ltr'><strong>themphilum.</strong></span> <span class='ocrx_word' id='word_1_194' title='bbox 304 3235 375 3286; x_wconf 79' lang='lat' dir='ltr'><strong>Eteo</strong></span> <span class='ocrx_word' id='word_1_195' title='bbox 385 3232 461 3300; x_wconf 85' lang='lat' dir='ltr'><strong>dicit,</strong></span> <span class='ocrx_word' id='word_1_196' title='bbox 473 3251 525 3306; x_wconf 83' lang='lat' dir='ltr'><strong>pro</strong></span> <span class='ocrx_word' id='word_1_197' title='bbox 532 3237 580 3285; x_wconf 77' lang='lat' dir='ltr'><strong>ibo.</strong></span> <span class='ocrx_word' id='word_1_198' title='bbox 661 3231 722 3284; x_wconf 79' lang='lat'>815.</span> <span class='ocrx_word' id='word_1_199' title='bbox 738 3235 842 3293; x_wconf 77' lang='lat' dir='ltr'><strong>Cossus,</strong></span> <span class='ocrx_word' id='word_1_200' title='bbox 858 3231 1000 3286; x_wconf 67' lang='lat' dir='ltr'><strong>tundente?</strong></span> <span class='ocrx_word' id='word_1_201' title='bbox 1013 3263 1048 3275; x_wconf 85' lang='lat'><strong>--</strong></span> <span class='ocrx_word' id='word_1_202' title='bbox 1066 3243 1140 3290; x_wconf 83' lang='lat' dir='ltr'><strong>Pote-</strong></span> 
     </span>
     <span class='ocr_line' id='line_1_27' title="bbox 84 3309 837 3378; baseline 0.004 -16"><span class='ocrx_word' id='word_1_203' title='bbox 84 3319 209 3378; x_wconf 77' lang='grc' dir='ltr'>-Ιιιιιιο,</span> <span class='ocrx_word' id='word_1_204' title='bbox 224 3331 352 3368; x_wconf 75' lang='lat' dir='ltr'><strong>movero</strong></span> <span class='ocrx_word' id='word_1_205' title='bbox 364 3311 401 3367; x_wconf 80' lang='lat' dir='ltr'><strong>ed</strong></span> <span class='ocrx_word' id='word_1_206' title='bbox 412 3331 473 3377; x_wconf 83' lang='lat' dir='ltr'><strong>me,</strong></span> <span class='ocrx_word' id='word_1_207' title='bbox 484 3311 532 3365; x_wconf 76' lang='lat' dir='ltr'><strong>sed</strong></span> <span class='ocrx_word' id='word_1_208' title='bbox 546 3309 582 3365; x_wconf 77' lang='lat' dir='ltr'><strong>ed</strong></span> <span class='ocrx_word' id='word_1_209' title='bbox 625 3327 693 3378; x_wconf 82' lang='lat' dir='ltr'><strong>stas,</strong></span> <span class='ocrx_word' id='word_1_210' title='bbox 706 3311 837 3365; x_wconf 75' lang='lat' dir='ltr'><strong>osmundi.</strong></span> 
     </span>
     <span class='ocr_line' id='line_1_28' title="bbox 83 3389 1143 3466; baseline 0.003 -22"><span class='ocrx_word' id='word_1_211' title='bbox 83 3389 263 3448; x_wconf 70' lang='lat' dir='ltr'><strong>thummim.</strong></span> <span class='ocrx_word' id='word_1_212' title='bbox 661 3392 722 3445; x_wconf 84' lang='lat'><strong>816.</strong></span> <span class='ocrx_word' id='word_1_213' title='bbox 734 3393 898 3443; x_wconf 79' lang='lat' dir='ltr'><strong>Cursandoa.</strong></span> <span class='ocrx_word' id='word_1_214' title='bbox 911 3391 1143 3466; x_wconf 74' lang='lat' dir='ltr'><strong>umb.Ct⁴.rup.vs.</strong></span> 
     </span>
     <span class='ocr_line' id='line_1_29' title="bbox 112 3469 1143 3540; baseline 0.007 -19"><span class='ocrx_word' id='word_1_215' title='bbox 112 3469 166 3524; x_wconf 74' lang='lat' dir='ltr'><strong>flu.</strong></span> <span class='ocrx_word' id='word_1_216' title='bbox 178 3475 281 3524; x_wconf 56' lang='lat' dir='ltr'><strong>Enim:</strong></span> <span class='ocrx_word' id='word_1_217' title='bbox 295 3491 372 3540; x_wconf 71' lang='lat' dir='ltr'><strong>cogn.</strong></span> <span class='ocrx_word' id='word_1_218' title='bbox 387 3482 436 3526; x_wconf 81' lang='lat' dir='ltr'><strong>eto.</strong></span> <span class='ocrx_word' id='word_1_219' title='bbox 447 3469 581 3526; x_wconf 77' lang='lat' dir='ltr'><strong>diectiam</strong></span> <span class='ocrx_word' id='word_1_220' title='bbox 626 3471 756 3534; x_wconf 62' lang='lat' dir='ltr'><strong>suerso</strong></span> <span class='ocrx_word' id='word_1_221' title='bbox 764 3469 822 3524; x_wconf 72' lang='lat' dir='ltr'><strong>hoc</strong></span> <span class='ocrx_word' id='word_1_222' title='bbox 833 3469 1069 3536; x_wconf 49' lang='lat' dir='ltr'><strong>aristomenen</strong></span> <span class='ocrx_word' id='word_1_223' title='bbox 1078 3477 1143 3532; x_wconf 75' lang='lat' dir='ltr'><strong>Bec-</strong></span> 
     </span>
     <span class='ocr_line' id='line_1_30' title="bbox 82 3547 1138 3624; baseline 0.006 -22"><span class='ocrx_word' id='word_1_224' title='bbox 82 3549 315 3622; x_wconf 79' lang='lat' dir='ltr'><strong>iiyrrlriuem,ete.</strong></span> <span class='ocrx_word' id='word_1_225' title='bbox 625 3549 685 3602; x_wconf 78' lang='lat' dir='ltr'><strong>ehis·</strong></span> <span class='ocrx_word' id='word_1_226' title='bbox 701 3547 758 3602; x_wconf 77' lang='lat' dir='ltr'><strong>soie</strong></span> <span class='ocrx_word' id='word_1_227' title='bbox 772 3560 908 3612; x_wconf 63' lang='lat' dir='ltr'><strong>remonon</strong></span> <span class='ocrx_word' id='word_1_228' title='bbox 925 3561 952 3602; x_wconf 86' lang='lat' dir='ltr'><strong>et</strong></span> <span class='ocrx_word' id='word_1_229' title='bbox 962 3551 1064 3624; x_wconf 78' lang='lat' dir='ltr'><strong>reliqua</strong></span> <span class='ocrx_word' id='word_1_230' title='bbox 1076 3573 1138 3624; x_wconf 74' lang='lat' dir='ltr'><strong>pare</strong></span> 
     </span>
     <span class='ocr_line' id='line_1_31' title="bbox 111 3626 1114 3702; baseline 0.002 -18"><span class='ocrx_word' id='word_1_231' title='bbox 111 3629 165 3684; x_wconf 73' lang='lat' dir='ltr'><strong>tn.</strong></span> <span class='ocrx_word' id='word_1_232' title='bbox 174 3633 241 3684; x_wconf 73' lang='lat' dir='ltr'><strong>otim</strong></span> <span class='ocrx_word' id='word_1_233' title='bbox 249 3634 294 3684; x_wconf 73' lang='lat' dir='ltr'><strong>mi.</strong></span> <span class='ocrx_word' id='word_1_234' title='bbox 307 3629 367 3684; x_wconf 86' lang='lat' dir='ltr'><strong>Lib.</strong></span> <span class='ocrx_word' id='word_1_235' title='bbox 378 3631 462 3702; x_wconf 73' lang='lat' dir='ltr'><strong>antiq.</strong></span> <span class='ocrx_word' id='word_1_236' title='bbox 477 3631 540 3682; x_wconf 76' lang='lat' dir='ltr'><strong>mitt</strong></span> <span class='ocrx_word' id='word_1_237' title='bbox 547 3634 580 3682; x_wconf 79' lang='lat' dir='ltr'><strong>ol.</strong></span> <span class='ocrx_word' id='word_1_238' title='bbox 625 3628 776 3700; x_wconf 70' lang='lat' dir='ltr'><strong>argumenti</strong></span> <span class='ocrx_word' id='word_1_239' title='bbox 785 3647 834 3701; x_wconf 88' lang='lat' dir='ltr'><strong>per</strong></span> <span class='ocrx_word' id='word_1_240' title='bbox 843 3626 969 3701; x_wconf 68' lang='grc' dir='ltr'><strong>μονῳδίαν</strong></span> <span class='ocrx_word' id='word_1_241' title='bbox 980 3645 1114 3686; x_wconf 79' lang='lat' dir='ltr'><strong>net-retur.</strong></span> 
     </span>
     <span class='ocr_line' id='line_1_32' title="bbox 82 3707 1146 3783; baseline 0 -21"><span class='ocrx_word' id='word_1_242' title='bbox 82 3716 194 3779; x_wconf 70' lang='lat' dir='ltr'><strong>-Ipm</strong></span> <span class='ocrx_word' id='word_1_243' title='bbox 204 3709 370 3783; x_wconf 70' lang='lat' dir='ltr'><strong>Pamphilus.</strong></span> <span class='ocrx_word' id='word_1_244' title='bbox 379 3713 484 3762; x_wconf 72' lang='lat' dir='ltr'><strong>-Seim</strong></span> <span class='ocrx_word' id='word_1_245' title='bbox 496 3707 582 3762; x_wconf 77' lang='lat' dir='ltr'><strong>Audio</strong></span> <span class='ocrx_word' id='word_1_246' title='bbox 663 3709 725 3776; x_wconf 84' lang='lat'>819.</span> <span class='ocrx_word' id='word_1_247' title='bbox 735 3713 842 3770; x_wconf 78' lang='lat' dir='ltr'><strong>Harum,</strong></span> <span class='ocrx_word' id='word_1_248' title='bbox 853 3707 994 3773; x_wconf 75' lang='grc' dir='ltr'><strong>διιιιτιιιῶς.</strong></span> <span class='ocrx_word' id='word_1_249' title='bbox 1008 3710 1146 3781; x_wconf 61' lang='lat' dir='ltr'><strong>significet</strong></span> 
     </span>
     <span class='ocr_line' id='line_1_33' title="bbox 84 3785 1142 3863; baseline -0.006 -21"><span class='ocrx_word' id='word_1_250' title='bbox 84 3799 115 3850; x_wconf 85' lang='lat' dir='ltr'><strong>te,</strong></span> <span class='ocrx_word' id='word_1_251' title='bbox 125 3789 255 3863; x_wconf 70' lang='lat' dir='ltr'><strong>intelligo,</strong></span> <span class='ocrx_word' id='word_1_252' title='bbox 267 3789 324 3844; x_wconf 74' lang='lat' dir='ltr'><strong>seio</strong></span> <span class='ocrx_word' id='word_1_253' title='bbox 332 3787 399 3860; x_wconf 86' lang='lat' dir='ltr'><strong>quid</strong></span> <span class='ocrx_word' id='word_1_254' title='bbox 407 3788 475 3842; x_wconf 81' lang='lat' dir='ltr'><strong>velie</strong></span> <span class='ocrx_word' id='word_1_255' title='bbox 484 3785 582 3840; x_wconf 77' lang='lat' dir='ltr'><strong>dicere.</strong></span> <span class='ocrx_word' id='word_1_256' title='bbox 626 3787 1142 3861; x_wconf 59' lang='lat' dir='ltr'><strong>enimmulieresinsedibueundeegress.</strong></span> 
     </span>
     <span class='ocr_line' id='line_1_34' title="bbox 111 3865 1141 3942; baseline 0.002 -21"><span class='ocrx_word' id='word_1_257' title='bbox 111 3869 167 3932; x_wconf 75' lang='lat' dir='ltr'><strong>nr.</strong></span> <span class='ocrx_word' id='word_1_258' title='bbox 179 3865 583 3922; x_wconf 58' lang='lat' dir='ltr'><strong>summenselumneiliud</strong></span> <span class='ocrx_word' id='word_1_259' title='bbox 626 3884 654 3919; x_wconf 84' lang='grc' dir='ltr'><strong>ιι</strong></span> <span class='ocrx_word' id='word_1_260' title='bbox 664 3871 843 3920; x_wconf 73' lang='lat' dir='ltr'><strong>erat-Pane</strong></span> <span class='ocrx_word' id='word_1_261' title='bbox 848 3869 931 3934; x_wconf 75' lang='lat' dir='ltr'><strong>penit.</strong></span> <span class='ocrx_word' id='word_1_262' title='bbox 938 3867 986 3920; x_wconf 78' lang='lat' dir='ltr'><strong>Vs.</strong></span> <span class='ocrx_word' id='word_1_263' title='bbox 999 3872 1065 3932; x_wconf 75' lang='grc'><strong>400,</strong></span> <span class='ocrx_word' id='word_1_264' title='bbox 1080 3879 1141 3942; x_wconf 72' lang='lat'><em>749.</em></span> 
     </span>
     <span class='ocr_line' id='line_1_35' title="bbox 83 3945 1141 4014; baseline -0.009 -13"><span class='ocrx_word' id='word_1_265' title='bbox 83 3949 182 4002; x_wconf 72' lang='lat' dir='ltr'><strong>modae</strong></span> <span class='ocrx_word' id='word_1_266' title='bbox 195 3948 262 4002; x_wconf 81' lang='lat' dir='ltr'><strong>mihi</strong></span> <span class='ocrx_word' id='word_1_267' title='bbox 271 3946 418 4002; x_wconf 76' lang='lat' dir='ltr'><strong>dicendum</strong></span> <span class='ocrx_word' id='word_1_268' title='bbox 430 3947 498 4000; x_wconf 82' lang='lat' dir='ltr'><strong>hero</strong></span> <span class='ocrx_word' id='word_1_269' title='bbox 506 3945 583 4000; x_wconf 81' lang='lat' dir='ltr'><strong>meo?</strong></span> <span class='ocrx_word' id='word_1_270' title='bbox 663 3946 724 4009; x_wconf 77' lang='lat'><em>821.</em></span> <span class='ocrx_word' id='word_1_271' title='bbox 744 3951 801 4013; x_wconf 82' lang='lat' dir='ltr'><strong>Qua</strong></span> <span class='ocrx_word' id='word_1_272' title='bbox 817 3964 844 3996; x_wconf 78' lang='lat' dir='ltr'><strong>rs</strong></span> <span class='ocrx_word' id='word_1_273' title='bbox 861 3965 925 4013; x_wconf 74' lang='lat' dir='ltr'><strong>stup.</strong></span> <span class='ocrx_word' id='word_1_274' title='bbox 932 3946 1001 4014; x_wconf 83' lang='lat' dir='ltr'><strong>fuit,</strong></span> <span class='ocrx_word' id='word_1_275' title='bbox 1014 3965 1067 3999; x_wconf 67' lang='lat' dir='ltr'><strong>eus.</strong></span> <span class='ocrx_word' id='word_1_276' title='bbox 1085 3950 1141 4003; x_wconf 79' lang='lat' dir='ltr'><strong>Ex.</strong></span> 
     </span>
     <span class='ocr_line' id='line_1_36' title="bbox 84 4023 1142 4101; baseline 0 -21"><span class='ocrx_word' id='word_1_277' title='bbox 84 4029 228 4101; x_wconf 78' lang='lat' dir='ltr'><strong>—Angliee</strong></span> <span class='ocrx_word' id='word_1_278' title='bbox 246 4028 429 4100; x_wconf 72' lang='lat' dir='ltr'><strong>interpretatio</strong></span> <span class='ocrx_word' id='word_1_279' title='bbox 454 4025 579 4098; x_wconf 81' lang='lat' dir='ltr'><strong>exponit:</strong></span> <span class='ocrx_word' id='word_1_280' title='bbox 624 4023 715 4098; x_wconf 61' lang='lat' dir='ltr'><strong>pediti</strong></span> <span class='ocrx_word' id='word_1_281' title='bbox 729 4042 792 4077; x_wconf 85' lang='lat' dir='ltr'><strong>eum</strong></span> <span class='ocrx_word' id='word_1_282' title='bbox 803 4024 1142 4100; x_wconf 80' lang='lat' dir='ltr'><strong>erimioieobquodeuspe·</strong></span> 
     </span>
     <span class='ocr_line' id='line_1_37' title="bbox 84 4108 914 4170; baseline -0.005 -10"><span class='ocrx_word' id='word_1_283' title='bbox 84 4108 211 4162; x_wconf 78' lang='lat' dir='ltr'><strong>·Teutine</strong></span> <span class='ocrx_word' id='word_1_284' title='bbox 223 4108 352 4162; x_wconf 78' lang='lat' dir='ltr'><strong>momenti</strong></span> <span class='ocrx_word' id='word_1_285' title='bbox 359 4109 539 4170; x_wconf 67' lang='lat' dir='ltr'><strong>haeresen,</strong></span> <span class='ocrx_word' id='word_1_286' title='bbox 552 4116 583 4157; x_wconf 82' lang='lat' dir='ltr'><strong>ut</strong></span> <span class='ocrx_word' id='word_1_287' title='bbox 625 4115 684 4158; x_wconf 83' lang='lat' dir='ltr'><strong>ctus</strong></span> <span class='ocrx_word' id='word_1_288' title='bbox 704 4115 771 4158; x_wconf 81' lang='lat' dir='ltr'><strong>eret.</strong></span> <span class='ocrx_word' id='word_1_289' title='bbox 911 4119 914 4129; x_wconf 90' lang='grc'>’</span> 
     </span>
     <span class='ocr_line' id='line_1_38' title="bbox 83 4180 1144 4255; baseline 0 -16"><span class='ocrx_word' id='word_1_290' title='bbox 83 4189 156 4240; x_wconf 77' lang='lat' dir='ltr'><strong>statim</strong></span> <span class='ocrx_word' id='word_1_291' title='bbox 180 4186 284 4242; x_wconf 77' lang='lat' dir='ltr'><strong>veniat?</strong></span> <span class='ocrx_word' id='word_1_292' title='bbox 307 4183 410 4250; x_wconf 77' lang='lat' dir='ltr'><strong>-Quod</strong></span> <span class='ocrx_word' id='word_1_293' title='bbox 425 4185 486 4238; x_wconf 78' lang='lat' dir='ltr'><strong>ostie</strong></span> <span class='ocrx_word' id='word_1_294' title='bbox 508 4184 581 4254; x_wconf 75' lang='lat' dir='ltr'><strong>inge·</strong></span> <span class='ocrx_word' id='word_1_295' title='bbox 664 4184 724 4236; x_wconf 71' lang='lat'><strong>822.</strong></span> <span class='ocrx_word' id='word_1_296' title='bbox 751 4184 800 4235; x_wconf 75' lang='lat'><em>111&#39;0</em></span> <span class='ocrx_word' id='word_1_297' title='bbox 817 4185 932 4234; x_wconf 74' lang='lat' dir='ltr'><strong>eumelus.</strong></span> <span class='ocrx_word' id='word_1_298' title='bbox 951 4180 1014 4236; x_wconf 67' lang='lat' dir='ltr'><strong>Hae</strong></span> <span class='ocrx_word' id='word_1_299' title='bbox 1035 4183 1144 4255; x_wconf 83' lang='lat' dir='ltr'><strong>diceus,</strong></span> 
     </span>
    </p>
   </div>
   <div class='ocr_carea' id='block_1_6' title="bbox 0 0 1518 5184">
    <p class='ocr_par' dir='ltr' id='par_1_16' title="bbox 0 0 1518 5184">
     <span class='ocr_line' id='line_1_39' title="bbox 0 0 1518 5184; baseline 0 5"><span class='ocrx_word' id='word_1_300' title='bbox 0 0 1518 5184; x_wconf 95' lang='lat' dir='ltr'><strong> </strong></span> 
     </span>
    </p>
   </div>
  </div>
 </body>
</html>
