3064 5180
346 521 347 525 ‘
384 560 451 646 134
518 607 521 616 .
609 515 790 632 iussn
816 553 1070 630 rnnnurn
1095 559 1218 630 Arm

378 687 537 755 Animum
555 681 738 780 occuparat
754 707 762 750 τ
779 708 870 753 nunc
887 683 960 752 haec
978 681 1077 778 plane
1099 698 1150 755 est
1164 711 1226 781 pm
1239 710 1346 774 uova3
1449 702 1462 743 ⁵

380 795 425 862 Et
438 793 465 862 is
479 791 536 885 qui
550 792 683 887 scripsit
694 791 799 879 hanc,
817 791 861 860 ob
882 814 955 860 eam
974 815 1046 860 rem
1067 789 1175 862 noluit

379 900 508 967 Iterum
523 897 667 987 referre,
688 912 727 967 ut
742 899 862 967 iterum
878 910 989 993 posset
1005 897 1159 967 vendere.

380 1002 469 1073 Alias
491 1006 658 1099 cognostis
678 1005 750 1099 ejus
770 1031 778 1074 :
796 1029 907 1102 quaeso
924 1004 1012 1074 hanc
1030 1006 1166 1074 noscite.

381 1243 417 1253 -
429 1213 513 1263 Studio
522 1214 644 1280 stupidus,
655 1229 712 1283 prta
723 1209 896 1264 admiratione
940 1229 1015 1262 nunc.
1024 1239 1059 1251 --
1069 1212 1315 1265 transmiseris.
1328 1210 1419 1264 Mark.
1433 1225 1464 1263 et

378 1290 561 1345 haerens-ln
564 1292 725 1361 sisnandum,
738 1291 767 1344 iu
775 1303 895 1346 coutem-
940 1289 1003 1344 flul.
1017 1293 1163 1360 cognoscite.
1181 1323 1217 1332 -
1232 1295 1306 1344 Alias
1319 1296 1387 1362 ejus,
1400 1290 1462 1344 scii.

380 1370 481 1442 plaudo
494 1371 659 1442 quincius-ps
672 1370 701 1424 hi
715 1371 786 1424 enim
797 1375 821 1426 ἐν
836 1378 895 1426 tuo·
940 1369 1084 1423 comoediss
1099 1381 1192 1442 poetss.
1215 1373 1377 1444 Repugnnre
1399 1371 1463 1424 brec

380 1457 524 1524 ματοποιοῑς
540 1451 699 1506 erantolins.
940 1449 1069 1504 videntur
1086 1469 1149 1504 cum
1168 1453 1300 1505 sententia
1314 1451 1394 1505 Potiti
1405 1451 1464 1504 He·

417 1533 443 1586 5.
454 1537 527 1583 Nunc
539 1535 600 1584 haro.
614 1529 692 1584 Both.
711 1533 764 1582 luc
775 1550 895 1582 nunc.—
941 1547 1034 1602 cyrum
1060 1533 1177 1585 auctoris
1201 1532 1285 1584 nostri
1309 1530 1463 1586 secundam

382 1615 467 1666 Plane.
481 1611 570 1666 Guell.
583 1630 596 1664 a
609 1625 721 1666 cortu·
736 1611 892 1676 Noun.Quss
943 1627 999 1662 esse
1011 1608 1183 1676 aliirtnantis3
1204 1611 1277 1684 quod
1299 1611 1373 1665 idem
1393 1628 1464 1664 oon·

381 1690 497 1750 nonfuit
509 1703 575 1746 acts.
942 1686 1029 1742 tendit
1043 1708 1150 1763 qunque
1167 1691 1308 1757 Dacieris,
1328 1688 1464 1762 additque

419 1774 444 1824 6.
456 1775 490 1821 Et
504 1774 578 1838 isqui
586 1774 669 1838 scrips.
681 1782 731 1824 etc.
743 1771 807 1842 Leg.
817 1767 894 1822 Both.
942 1765 992 1820 has
1005 1771 1069 1820 alias
1082 1789 1167 1844 usque
1184 1770 1218 1824 sd
1234 1789 1283 1824 nos
1297 1788 1354 1823 uon
1364 1787 1464 1842 perve-

383 1855 440 1902 Etss'
451 1855 472 1902 is
481 1871 508 1917 q.
522 1871 540 1904 s.
551 1853 617 1902 lone
626 1853 656 1902 ol
667 1869 768 1903 cansam
781 1871 808 1902 n.
816 1879 852 1890 -
860 1853 896 1902 Ob
941 1845 1021 1900 nisse.
1033 1845 1059 1903 Si
1073 1861 1162 1904 autent
1176 1851 1266 1923 plures
1278 1849 1380 1902 subules
1392 1847 1462 1902 seri·

382 1949 438 1982 eam
456 1949 515 1982 rem.
534 1929 642 1984 Scilicet
663 1930 728 2001 quia
748 1929 838 2001 primo
861 1927 897 1982 ob
942 1927 1035 2000 psisset
1052 1930 1194 1986 Terentius
1210 1949 1271 2004 qun
1291 1931 1404 1984 fuissem
1421 1929 1462 1981 its

383 2009 571 2063 funambulum
598 2008 720 2081 neglecta
741 2022 797 2062 erat
818 2020 899 2083 atque
942 2007 1041 2062 oblivio
1049 2009 1153 2078 deletu,
1163 2012 1320 2084 probaretur
1328 2008 1392 2064 inde
1403 2027 1463 2062 non

382 2100 543 2161 contempta.
943 2087 1463 2164 dignassuisseeasquaecolligerentur3

420 2188 445 2240 7.
459 2175 553 2221 Posset.
562 2169 604 2224 sio
615 2187 664 2221 nos
675 2187 708 2222 ex
718 2181 790 2222 recta
800 2180 899 2240 tempo·
941 2187 992 2222 nec
1012 2189 1074 2242 ergo
1085 2173 1262 2228 commisisset
1277 2169 1419 2224 Terentius
1433 2181 1465 2222 ut

381 2265 445 2300 suat
457 2248 558 2302 atione
579 2261 640 2322 post
654 2249 730 2303 Bent.
747 2249 808 2321 Bip.
820 2248 898 2301 Both.
942 2247 1007 2301 teliu
1020 2251 1116 2322 scripta
1127 2252 1177 2306 sibi
1191 2252 1264 2306 laudi
1276 2251 1397 2304 duceret.
1408 2251 1462 2304 Er·

384 2327 482 2382 Perlet.
508 2329 642 2383 Ceterum
661 2329 783 2402 plerique
807 2345 899 2382 omnes
943 2345 993 2399 go,
1011 2341 1041 2381 nt
1057 2329 1175 2386 diximus
1190 2333 1218 2385 in
1243 2331 1341 2398 titulo',
1360 2343 1420 2385 not.
1437 2331 1466 2394 8,

384 2406 540 2476 libripossit.
558 2440 595 2451 -
611 2415 719 2473 lterum,
730 2408 828 2474 denno,
840 2417 900 2478 post
943 2406 965 2459 si
978 2409 1084 2482 Hecyra
1094 2423 1134 2463 est
1142 2409 1275 2478 secunda,
1287 2413 1315 2464 rb
1325 2413 1392 2462 alius
1403 2429 1464 2464 uon

384 2489 566 2561 spectaculum
579 2489 741 2543 funambuli.
763 2521 800 2530 —
815 2491 901 2542 Noluit
943 2487 1041 2558 poteris
1056 2487 1189 2560 explicare
1199 2490 1267 2556 nisi,
1283 2502 1313 2542 ut
1320 2493 1377 2563 jam
1391 2489 1465 2543 dixi-

385 2569 487 2636 reform.
506 2569 598 2621 Noluit
617 2568 788 2622 introducere
800 2568 828 2620 iu
842 2586 899 2621 sce·
943 2585 1021 2630 mus,
1038 2566 1177 2621 admiseris
1200 2585 1263 2621 cum
1283 2569 1380 2621 Vosaio
1402 2586 1466 2624 eam

385 2661 510 2701 nam-
531 2653 561 2700 tu
577 2649 662 2700 t‘temns
677 2662 762 2718 posset
774 2651 899 2710 uendere,
943 2655 1004 2716 post
1020 2649 1161 2715 Adelphos,
1178 2645 1196 2701 i.
1220 2665 1243 2700 e.
1260 2660 1322 2720 post
1337 2649 1466 2708 ultimam

388 2745 466 2798 supp.
501 2725 685 2780 histrionibus.
721 2725 793 2798 Ergo
817 2742 899 2797 quum
945 2727 1170 2792 omnium,fuisse
1183 2725 1275 2780 denuo
1290 2741 1467 2800 representa·

386 2804 527 2858 Terentius
544 2803 661 2858 noluerit
679 2804 799 2858 fabulam
812 2803 901 2857 denuo
945 2815 1011 2858 tam.
1025 2834 1057 2845 -
1073 2808 1212 2874 cognostis,
1233 2825 1281 2878 pro
1303 2807 1465 2876 cognovistis.

388 2881 536 2947 introduci,
551 2902 586 2936 ne
607 2883 792 2956 desperatione
806 2883 902 2937 favoris
945 2882 1076 2936 Ultimum
1087 2883 1157 2938 hanc
1171 2884 1253 2938 ossen
1265 2885 1407 2939 Terentius
1418 2921 1428 2948 ,
1439 2899 1467 2940 et

386 2963 524 3035 popularis
536 2961 673 3016 videretur
691 2963 794 3024 iacere,
815 2963 902 3016 asuri·
946 2961 1007 3016 ideo
1016 2962 1051 3015 de
1059 2963 1465 3036 precedentibusargumentum

386 3043 453 3094 tium
469 3059 546 3096 susm
564 3041 701 3112 prseterit3
713 3042 862 3115 noluitque
875 3061 903 3096 se
946 3043 1041 3097 sumit:
1051 3048 1259 3114 Aliaseognosn’s.
1269 3047 1304 3097 Δι
1315 3044 1344 3097 in
1353 3041 1466 3107 Andria,

389 3137 501 3176 stamus
521 3119 634 3188 induci,
653 3141 736 3195 quarn
756 3141 806 3176 suo
829 3123 905 3196 operi
947 3141 1008 3195 quss
1020 3135 1059 3176 est
1071 3124 1161 3195 prima
1179 3123 1317 3193 omnium,
1333 3121 1412 3176 sliter
1424 3121 1466 3176 di·

388 3201 566 3256 diffidentem.
948 3213 1032 3266 xerat,
1041 3215 1068 3256 et
1080 3202 1114 3256 de
1128 3203 1229 3257 futuris
1238 3213 1332 3256 eontra
1343 3221 1464 3275 sumpse-

426 3283 453 3336 8.
469 3285 606 3352 Cognostis.
619 3281 708 3342 Gneli,
722 3301 748 3350 r,
766 3283 902 3354 cognoscis.
949 3294 992 3334 rat
1020 3294 1224 3354 argumentum:
1249 3307 1260 3330 ι
1274 3295 1303 3336 ut
1322 3301 1465 3355 pernosca-

355 3367 357 3376 '
391 3361 469 3416 Unus
479 3363 530 3416 Ms.
550 3364 693 3435 Argentor.
707 3365 861 3430 cognovistis.
870 3393 906 3404 -
950 3361 1012 3415 tis...
1026 3379 1093 3434 quas
1107 3362 1186 3416 luciet
1203 3360 1237 3414 de
1251 3359 1357 3433 integro
1371 3379 1466 3414 comos·

393 3442 474 3494 Deest
496 3446 549 3510 ejus
571 3441 599 3494 in
617 3441 695 3494 Leids
721 3441 745 3495 5.
766 3475 801 3485 -
826 3447 905 3496 Bone.
949 3440 1020 3507 diss,
1034 3441 1200 3513 spectando,
1214 3459 1247 3495 sn
1263 3439 1466 3514 exigendesiut

392 3519 486 3573 Leidd.
510 3533 626 3594 quatuor
648 3538 716 3574 nunc
745 3524 819 3573 lonc.
839 3520 906 3584 atii,
950 3523 1059 3576 vobis.»
1073 3522 1277 3576 Dissimiliterin
1293 3519 1467 3583 dissimilibus

392 3603 456 3651 nme
474 3616 556 3663 nuno‚·
573 3598 621 3654 sed
639 3619 691 3654 nos
712 3598 859 3656 delevimus
877 3602 905 3654 τὸ
950 3601 1015 3654 locis
1028 3601 1157 3672 loquitur.

783 3891 1070 3920 ...ψ-ψ..
