3026 5184
366 575 436 619 000
592 550 774 619 PUBLII
798 547 1055 618 TERENTII
1080 545 1203 614 AFRI

362 684 430 772 Qui
449 683 494 751 oh
510 705 579 750 rem
597 681 722 751 nullam
738 683 843 768 misit,
859 681 983 751 frustra
999 679 1058 748 ubi
1076 692 1185 748 toturn
1197 675 1310 746 desedi
1324 675 1432 764 diem,

363 791 558 883 Myconium
575 788 741 884 hospitem
756 788 836 857 dum
851 803 1007 883 exspecto
1023 788 1058 854 in
1078 809 1154 853 erce
1171 781 1432 854 Callidemidem.

363 898 481 990 ltaque
494 898 626 989 ineptus
636 893 739 964 hodie
752 894 831 964 dum
843 893 889 963 illi
902 893 1011 981 sedeo,
1020 906 1059 960 ut
1065 893 1238 986 quisquam
1251 904 1412 978 venerat,

363 1001 596 1076 decedebam:
619 1030 637 1066 e
652 996 866 1071 adolescens!
890 1000 943 1070 dic
964 1000 1045 1070 dum
1062 1019 1196 1092 quaeso,
1216 999 1332 1066 tun’es
1353 999 1433 1092 My-

522 1105 662 1178 conius?
676 1137 694 1173 »
716 1149 770 1159 -

269 1235 278 1306 Ι·
369 1243 387 1278 e
401 1215 480 1285 Non
493 1239 601 1283 sum.»
616 1251 671 1264 —
681 1214 747 1282 «At
761 1209 1033 1284 Callidemidem»
1045 1246 1099 1262 -
1109 1239 1126 1274 u
1136 1211 1226 1280 Non.
1241 1237 1315 1274 n-
1328 1239 1348 1274 u
1363 1213 1433 1280 Ηο-

522 1321 640 1416 spitem
662 1345 798 1414 ecquem
812 1317 1023 1415 Pamphilum
1395 1333 1434 1373 ⁸⁰⁵

363 1426 428 1495 llic
440 1426 544 1496 habes
555 1425 570 1494 1
583 1428 736 1495 »Omnes
747 1426 913 1521 negabant
922 1451 931 1514 3
940 1449 1048 1520 neque
1058 1447 1135 1492 eum
1148 1445 1350 1519 quemquam
1362 1445 1433 1492 esse

520 1533 675 1603 arbitror.

363 1639 517 1733 Denique
536 1638 649 1709 hercle
663 1639 733 1733 jam
755 1637 925 1734 pudebat:
941 1639 1018 1709 abii.
1037 1635 1101 1706 Sed
1125 1635 1206 1730 quid
1229 1633 1432 1705 Bacchidem

360 1743 414 1813 Ab
434 1759 552 1815 nostro
570 1745 680 1814 adfine
695 1759 869 1814 exeuntem
884 1741 1010 1814 video?
1029 1741 1109 1838 quid
1129 1743 1207 1811 huic
1219 1742 1275 1811 hic
1291 1754 1344 1810 est
1356 1743 1405 1810 rei
1418 1739 1439 1808 l·

361 1851 444 1922 Bac.
469 1851 655 1937 Parmeno,
682 1865 870 1947 opportune
892 1863 926 1919 te
944 1849 1074 1920 offers:
1101 1872 1243 1944 propere
1266 1872 1368 1918 curre
1390 1846 1432 1916 ed

521 1957 740 2054 Pamphilum.

363 2160 419 2214 veit
426 2160 492 2232 qu'il
499 2161 652 2233 penvaitlui
659 2161 725 2216 faire
735 2171 873 2215 retrouver
916 2178 947 2212 ex
963 2157 1041 2212 codd.
1052 2158 1135 2212 duob.
1145 2158 1261 2232 prefert.
1271 2187 1307 2198 --
1317 2165 1432 2227 ineptes,

362 2259 404 2294 eee
415 2255 529 2315 parente.
540 2241 597 2295 Elle
608 2242 633 2296 le
648 2241 738 2297 donne
751 2247 765 2294 1
779 2241 874 2313 garder
915 2239 984 2292 nulli
1007 2239 1046 2292 rei
1064 2239 1137 2292 serie
1157 2237 1240 2292 utilie.
1259 2241 1369 2306 -1111,
1383 2254 1432 2310 [00

363 2338 468 2374 comme
480 2340 517 2374 un
532 2321 594 2375 01101
607 2321 744 2394 precieux.
757 2321 824 2374 Rieu
838 2321 873 2375 de
914 2321 974 2372 11110.

363 2400 421 2454 cela
432 2420 466 2454 ne
475 2420 503 2454 ee
519 2412 614 2454 trouve
627 2400 695 2454 dum
706 2399 823 2462 l'Hecrre.
835 2401 873 2454 Ge
951 2399 1012 2462 804.
1022 2402 1118 2450 Tun'es.
1127 2395 1224 2451 810110.
1235 2411 1350 2468 prome
1358 2396 1431 2466 vulg.

363 2491 424 2534 eont
436 2499 497 2534 eune
505 2480 586 2534 doute
597 2499 641 2532 cce
650 2479 874 2534 desuntedevrei-
915 2477 1025 2532 invertit
1040 2489 1129 2531 nutem
1139 2476 1195 2540 ille,
1209 2494 1244 2530 ne
1252 2495 1339 2546 queso
1350 2493 1432 2548 eyna-

362 2559 515 2614 eemblance
527 2560 574 2632 qul
584 2572 631 2616 ont
640 2561 688 2613 tait
696 2561 775 2638 juger
790 2563 805 2612 1
820 2563 873 2614 Do-
915 2557 1031 2630 lophem
1044 2557 1124 2610 faciet
1139 2575 1201 2609 cuni
1214 2577 1250 2609 es.
1266 2587 1302 2597 -
1314 2559 1432 2608 Adolese.

270 2687 271 2693 ,
361 2651 409 2693 nat
420 2641 516 2713 qu'elle
530 2641 593 2694 etnit
610 2641 636 2695 10
656 2641 714 2712 plue
730 2641 811 2694 leible
826 2640 873 2693 dee
915 2639 1019 2690 dicdum
1029 2635 1277 2705 quoeso.Vernaliter
1289 2647 1315 2688 et
1327 2633 1432 2688 comice

361 2721 403 2774 cix
416 2718 548 2774 comediee
560 2720 593 2774 de
602 2719 727 2775 Terence.
742 2721 784 2774 En
796 2721 873 2784 esset,
914 2734 943 2769 ee
960 2716 1049 2788 ipsum
1069 2733 1160 2770 aerem
1184 2714 1314 2768 imitatur.
1338 2714 1377 2767 Et
1394 2723 1432 2768 eet

362 2807 451 2857 etone
466 2813 553 2858 autres
567 2801 661 2875 egunle
673 2802 725 2856 elle
738 2815 777 2856 eet
787 2802 873 2857 edmi-
914 2806 1026 2877 μίμησις.
1041 2809 1107 2856 Don.

360 2881 450 2945 rable,
462 2893 488 2934 et
500 2901 549 2936 eon
564 2899 615 2952 peu
626 2881 743 2935 d’ection
754 2893 793 2935 eet
809 2883 872 2936 bien
950 2883 1012 2936 805.
1029 2887 1087 2934 Non
1100 2900 1168 2946 sum,
1182 2880 1363 2952 reepcndebat
1378 2881 1431 2936 ille.

359 2963 467 3015 rochete
475 2979 524 3032 par
533 2961 558 3014 le
566 2960 635 3038 etyle
644 2972 671 3014 et
681 2961 705 3013 la
715 2961 848 3014 conduite.
858 2987 869 3010 ι
913 2993 949 3004 -
959 2969 1033 3030 Hesp.
1040 2981 1155 3030 ecquem,
1168 2971 1218 3012 etc.
1230 2961 1326 3013 Nonne
1340 2961 1441 3033 hospi,

395 3040 456 3092 800.
473 3045 563 3094 Meam.
583 3039 614 3095 C.
630 3039 664 3094 G.
684 3061 752 3093 meus
765 3041 792 3094 in
807 3061 871 3094 con·
914 3054 966 3095 tem
978 3042 1007 3093 in
1021 3039 1072 3094 hnc
1084 3039 1149 3093 urbe
1158 3038 1249 3102 haben,
1259 3040 1306 3112 qui
1316 3053 1432 3094 vocatur

359 3131 441 3172 textu.
454 3117 497 3172 ld.
513 3139 592 3171 meam
606 3120 663 3174 eub.
675 3120 767 3193 ecript.
780 3121 869 3174 exhib.
913 3119 1085 3192 Pamphilus,
1107 3131 1134 3173 01
1152 3117 1187 3171 ed
1207 3117 1431 3190 00011ιᾶ10οη0-

397 3207 419 3249 et
433 3201 511 3249 herus.
520 3227 556 3239 -
567 3201 647 3250 Pnu'r'.
655 3198 699 3252 stc
707 3197 815 3253 lihdnt.
827 3199 869 3253 ld.
913 3212 970 3255 tum
981 3199 1073 3254 venie?

359 3217 462 3344 11001011.
474 3277 537 3330 «sic
551 3289 577 3331 et
587 3279 683 3344 nostri,
695 3277 770 3351 quod
780 3291 872 3333 monet
950 3283 1011 3336 806.
1026 3287 1100 3333 Eum.
1114 3279 1173 3334 Lib.
1189 3279 1273 3352 antiq.
1295 3283 1363 3331 enr'm
1379 3299 1430 3351 pro

358 3357 468 3428 Anglue,
477 3360 548 3426 preti,
560 3368 591 3408 nt
601 3357 661 3422 viti',
675 3357 773 3429 gaudi,
784 3360 870 3430 eouei·
913 3381 975 3414 eum.
990 3394 1024 3402 —
1036 3365 1116 3424 Eum,
1130 3377 1271 3432 perennem
1281 3357 1356 3411 illam
1368 3360 1429 3413 cat-

355 3436 497 3490 li.·dndr.
509 3455 545 3490 ve.
557 3441 736 3494 Stre-Meam
745 3458 785 3507 op.
796 3441 870 3492 Meos
912 3440 1056 3507 lidemidis,
1065 3435 1185 3494 fictitium
1193 3459 1263 3494 eene.
1278 3447 1429 3510 -Quemp

355 3515 518 3569 10110100-
532 3521 594 3567 Esse
606 3521 679 3584 parvi
688 3521 777 3586 precli,
797 3519 825 3570 in
840 3537 871 3572 re
912 3542 974 3586 esse,
984 3539 1040 3574 ease
1048 3521 1077 3574 in
1090 3519 1199 3573 mundo.

356 3593 456 3647 nulline
468 3593 546 3667 pretii
558 3595 774 3649 consumendam.
948 3603 1007 3670 807.
1016 3603 1127 3668 Denique
1133 3597 1336 3668 puusedereet
1345 3597 1429 3654 inter·

394 3676 455 3729 801.
471 3677 507 3725 Ob
517 3691 567 3724 rem
581 3679 643 3728 nult
657 3675 714 3728 eine
727 3675 780 3727 ulla
798 3675 870 3729 utili·
912 3699 1016 3752 rogere.

359 3765 420 3807 tate.
431 3783 466 3794 -
477 3754 529 3805 Udi.
538 3753 615 3805 Decet
625 3768 688 3808 ente
696 3755 765 3808 hanc
775 3774 868 3809 vocem
947 3761 1007 3815 808.
1020 3763 1057 3810 Ab
1070 3769 1151 3810 nostro
1163 3756 1218 3825 eds.
1233 3756 1351 3810 Edomo
1365 3757 1429 3810 Phi·

361 3836 429 3886 illue.
442 3862 477 3872 -
488 3836 586 3898 rorum,
596 3833 654 3884 cub.
662 3838 867 3902 pen—Deum,
910 3836 996 3910 (lippi,
1010 3837 1094 3892 soceri
1106 3835 1246 3908 Pamphili.
1253 3840 1363 3900 -Hui'c,
1371 3857 1429 3892 me.

358 3911 514 3967 utioeuefui.
912 3917 1010 3971 rotrici.
1021 3948 1056 3990 7-
1070 3919 1132 3983 Hie,
1145 3916 1172 3968 in
1191 3913 1238 3966 tali
1254 3913 1353 3980 domo,
1368 3935 1428 3990 quo

393 3993 455 4046 802.
479 3993 620 4056 Myconium
644 3993 731 4058 tospu.
753 4002 804 4045 010.
825 3992 867 4047 Cf.
910 3999 1025 4070 ingenue
1039 4008 1077 4050 eet
1089 4007 1115 4050 et
1124 3995 1230 4067 pudica.

318 4099 322 4104 =
355 4091 432 4146 cupra
446 4071 496 4136 432
507 4107 516 4134 ,
530 4071 589 4134 433.
946 4077 1006 4144 809.
1019 4082 1058 4128 Te.
1066 4077 1099 4132 ln
1112 4075 1143 4128 C.
1155 4075 1188 4127 G.
1199 4093 1234 4127 m.
1242 4074 1332 4128 omise-
1342 4090 1383 4129 est
1393 4092 1427 4142 ee,

391 4149 622 4206 803.1ui.c.G.m.
632 4150 866 4219 illic-Quieqnmn
910 4175 957 4226 per
970 4155 1169 4227 negligentium,
1184 4165 1213 4206 ut
1224 4155 1328 4224 opinor,
1343 4155 1428 4210 libre·

353 4231 412 4286 Lib.
424 4243 478 4285 ant.
488 4232 599 4300 quisque.
610 4228 663 4284 Sed
678 4231 809 4298 qiu'squom
819 4230 864 4285 Be.
910 4235 1021 4288 riorum.
1044 4265 1078 4275 -
1096 4239 1166 4304 Prop.
1188 4253 1264 4287 curre.
1279 4235 1427 4289 ,111001100-
