3064 5180
378 514 442 561 112
607 488 785 558 PUBLII
810 485 1065 558 TERENTII
1088 488 1214 558 'AFRI

373 625 464 713 Quin
481 647 535 692 res
542 623 557 710 ‚'
566 635 660 700 retas,
680 646 759 690 usus
773 645 903 715 semper
918 620 1041 714 aliquid
1059 622 1214 717 adportet
1231 626 1325 712 novi,
1411 655 1451 694 ero

371 729 504 824 Aliquid
517 742 664 812 moreau
683 725 792 796 utilia
812 723 935 821 quae'te
954 729 1039 797 scire
1052 728 1185 814 credas,
1206 731 1350 816 nescias,

372 839 417 905 Et
433 859 506 929 quae
529 834 588 902 tibi
602 835 727 929 putaris
745 833 871 929 primu,
886 835 921 902 iu
936 834 1142 928 experiundo
1155 841 1193 903 ut'
1202 836 1378 930 repudies:

374 940 476 1033 Quod
491 964 580 1009 nunc
592 941 672 1008 mihi
682 941 792 1009 evenit
804 959 811 999 τ
825 963 903 1008 nam
916 963 979 1033 ego
990 942 1092 1010 vium
1109 940 1248 1029 duram,
1262 967 1365 1036 quam
1377 946 1449 1012 vixi

532 1071 636 1140 usque
657 1045 780 1132 adhuc,

373 1155 481 1248 Prope
494 1152 634 1264 decurso
649 1153 754 1248 spatio
770 1150 905 1220 omitto:
920 1150 955 1219 id
965 1151 1204 1245 quamobrem?
1220 1179 1256 1222 re
1276 1155 1346 1249 ipsa
1365 1181 1447 1251 rep·

531 1283 621 1352 perr,

369 1362 537 1434 Facilitate
550 1361 633 1432 nihil
647 1388 716 1434 esse
730 1363 856 1432 homini
868 1362 1003 1450 melius,
1019 1387 1127 1458 neque
1144 1362 1328 1434 clementia.
1401 1392 1444 1431 ms

372 1470 412 1540 ld
435 1495 505 1541 esse
521 1494 654 1553 verum,
669 1494 709 1538 ex
731 1494 785 1538 me
799 1481 898 1563 atque
917 1494 958 1538 ex
972 1467 1072 1540 fratre
1089 1457 1193 1540 cuivis
1209 1470 1305 1541 facile
1320 1475 1361 1542 'st
1376 1499 1444 1542 no-

528 1600 628 1646 scere.

370 1681 430 1751 Ille
449 1706 541 1752 suam
557 1705 687 1775 semper
700 1682 766 1776 egit
786 1682 891 1750 vitam
909 1683 942 1748 iu
960 1683 1047 1769 otio,
1065 1685 1098 1751 iu
1116 1683 1292 1770 conviviis,

370 1787 542 1884 Clemens,
563 1787 731 1883 placidus,
754 1785 836 1856 nulli
856 1785 974 1856 laedere
989 1811 1041 1872 oe,
1056 1787 1206 1858 adridere
1217 1790 1395 1876 omnibus,

370 1895 440 1963 Sibi
453 1895 552 1978 vixit,
574 1894 636 1963 sibi
653 1909 822 1987 sumptum
835 1893 929 1980 fecit3
948 1918 1062 1964 omnes
1076 1893 1290 1983 benedicunt,
1310 1913 1438 1966 amant.

368 1998 1441 2096 Egoilieagrestis,saevus‚tristis‚parcus‚truculentus‚teuax‚

367 2108 458 2177 Duri
475 2131 613 2176 uxorem
629 2131 636 2173 ε
650 2129 750 2201 quam
764 2106 809 2174 ibi
823 2107 987 2176 miseriam
1007 2103 1092 2176 vidi!
1113 2106 1275 2195 natifilii,
1399 2133 1438 2187 ομ

366 2210 440 2282 Alia
458 2237 558 2282 cura:
578 2213 654 2280 heia
679 2227 806 2302 autem,
825 2212 904 2282 dum
930 2213 1046 2282 studeo
1067 2211 1128 2283 illis
1151 2228 1190 2283 ut
1210 2237 1310 2308 quam
1328 2212 1440 2308 pluri-

525 2344 618 2387 mum

365 2427 540 2514 Facerem,
555 2427 695 2494 contrivi
708 2427 742 2494 in
753 2424 931 2520 quaerendo
945 2428 1046 2495 vitam
1059 2440 1158 2519 atque
1172 2440 1302 2495 aetatem
1314 2447 1436 2496 meum.

398 2617 457 2670 860.
469 2618 532 2680 Quin
543 2635 593 2680 res,
608 2633 697 2668 rerum
711 2615 872 2670 occasiones.
954 2613 1014 2682 869.
1032 2617 1081 2665 Sibi
1102 2617 1187 2678 uixit,
1207 2617 1253 2666 sibi
1276 2629 1365 2683 sumpt.
1378 2617 1436 2681 sec.

399 2695 459 2748 862.
474 2700 504 2745 Ut
519 2698 601 2762 repud.
616 2695 697 2747 Abest
711 2709 763 2747 ura
777 2694 873 2747 multis.
918 2691 988 2756 Quia
1004 2711 1053 2750 nec
1071 2713 1179 2748 uxorem
1194 2694 1290 2760 hebet,
1303 2713 1352 2748 nee
1372 2695 1436 2746 iibe-

362 2773 872 2846 —Prima,primolocoponenda,opti·
918 2791 970 2825 ros.
984 2801 1015 2812 -
1029 2779 1118 2826 Omnes
1131 2777 1218 2827 bened.
1237 2788 1330 2826 amant.
1350 2777 1436 2828 Juxta

364 2870 416 2917 mu,
426 2865 487 2905 eme
501 2853 551 2905 ulie
564 2852 697 2924 eligenda.
916 2853 984 2907 iilud
994 2855 1021 2907 in
1033 2853 1151 2921 Andria,
1168 2873 1238 2908 rem.
1251 2857 1286 2908 68
1302 2875 1309 2906 ε
1325 2879 1336 2900 ι
1348 2853 1434 2906 Οὔκ-

398 2931 458 2995 864.
472 2937 589 2982 Decumo.
601 2931 659 2982 Lib.
669 2931 752 3002 antiq.
758 2935 815 2999 jam
828 2951 872 2983 ex·
917 2934 1010 3004 quium
1023 2933 1123 2987 amicos
1135 2934 1214 3005 perit.
1224 2960 1237 2980 ι

362 3027 443 3060 curso.
457 3039 488 3048 -
502 3017 579 3077 Propo
592 3012 712 3070 decurso,
731 3027 806 3078 pane
817 3012 871 3081 jam
952 3013 1012 3080 870.
1032 3017 1084 3080 Ego
1102 3015 1151 3065 r'Ile.
1165 3014 1237 3072 Beue
1255 3009 1359 3064 addidit
1373 3013 1433 3075 illo,

362 3087 484 3140 consecto
497 3086 558 3140 vitm
575 3105 663 3140 cursu.
676 3125 707 3135 .-
717 3091 820 3152 omem,
830 3106 871 3141 re-
915 3091 988 3161 quuri
998 3093 1052 3163 jam
1067 3101 1158 3154 notun,
1171 3092 1224 3146 hoe
1237 3091 1295 3162 ipro
1304 3087 1377 3161 quod
1393 3089 1436 3140 se-

360 3165 482 3237 linquere
495 3165 630 3218 constitui.
914 3187 960 3221 rur
969 3179 1023 3234 eut,
1036 3180 1063 3222 et
1074 3168 1192 3240 agrestii.
1201 3197 1232 3205 -
1241 3175 1321 3221 Soevus
1335 3169 1431 3232 suetis,

397 3245 542 3298 865.mci1.
556 3248 627 3296 clem.
642 3243 714 3297 Inter
718 3246 869 3312 facilitatem
914 3251 987 3300 tristis
1004 3249 1110 3314 animo,
1130 3250 1278 3300 truculentus
1294 3249 1379 3301 vultu.
1394 3277 1432 3288 —

361 3335 388 3377 et
401 3325 554 3375 clementiam
575 3322 627 3375 hoc
643 3322 765 3376 interest:
781 3327 870 3393 facilis
919 3331 1016 3392 Tenue,
1029 3345 1134 3380 ururur.

360 3401 431 3457 euim
444 3405 520 3474 cujus
542 3403 582 3454 ira
600 3401 653 3454 cito
673 3402 801 3467 solvitur,
820 3407 870 3456 cle·
950 3411 1012 3477 871.
1022 3409 1066 3464 lbi,
1079 3406 1295 3459 inmatrimonio.
1306 3431 1336 3443 -
1347 3410 1430 3473 Quam

362 3501 444 3542 mens,
455 3481 565 3552 quinon
579 3480 708 3534 irascitur.
719 3485 783 3534 Dore.
915 3488 1037 3537 miseriam
1057 3489 1113 3537 uidi
1122 3491 1132 3535 .'
1155 3485 1281 3538 Meuand.
1302 3484 1335 3539 Tb
1346 3489 1431 3558 γυναῖ·

397 3559 458 3629 867.
472 3563 518 3611 ΙΙΙο
527 3579 596 3610 suam
610 3579 685 3627 semp.
693 3563 755 3629 egit,
762 3571 812 3614 etc.
821 3559 871 3616 flio
915 3570 1029 3635 καῑχιιν,
1038 3563 1098 3620 rimi
1113 3587 1140 3620 τι
1156 3563 1265 3633 παίδων,
1279 3571 1429 3638 Παρμίνων,

357 3641 414 3710 J'um
447 3637 523 3709 quasi
555 3640 732 3709 comparative
757 3640 870 3712 qualitas
913 3649 1035 3717 Πατέρα,
1061 3648 1179 3718 μερίμνας
1207 3654 1241 3718 τῷ
1266 3648 1311 3718 βίῳ
1334 3651 1429 3714 πολλὰς

360 3716 494 3769 inducitur
510 3715 545 3768 de
567 3727 703 3789 utroque:
725 3730 750 3770 et
774 3731 803 3771 ut
826 3719 870 3773 ille
914 3728 989 3796 φέριι.
1001 3755 1041 3766 -
1056 3727 1096 3778 De
1111 3727 1160 3780 hec
1172 3727 1283 3780 materie
1295 3725 1349 3781 vid.
1360 3731 1430 3799 quid

359 3795 436 3848 initio
450 3795 546 3848 sabulo
564 3793 710 3849 collocutus
723 3810 774 3863 esi,
789 3797 827 3851 eiu
841 3799 869 3854 iu
913 3803 1129 3858 adnotaverimus
1149 3805 1207 3858 init.
1223 3803 1368 3873 Adelphor.
1387 3828 1429 3864 vu.

358 3876 413 3930 dne
423 3875 468 3930 hic
481 3876 604 3949 loquitur.
614 3883 708 3928 Donat.
724 3908 755 3916 -
769 3883 800 3929 ln
810 3883 868 3932 otio.
914 3884 961 3950 43,
973 3884 1003 3935 in
1015 3895 1071 3937 not.
1083 3883 1143 3954 Huj.
1151 3885 1206 3938 vol.
1218 3876 1277 3956 pig.
1289 3893 1331 3950 14.

358 3957 510 4028 opponitur
518 3957 563 4010 hie
573 3958 646 4008 ou'um
656 3957 743 4009 labori
753 3976 800 4011 reu
809 3977 869 4032 ope·
948 3964 1008 4032 872.
1018 3965 1091 4014 Heia.
1106 3963 1138 4016 In
1151 3974 1205 4016 ant.
1213 3983 1288 4032 pom
1300 3983 1348 4035 pro
1359 3969 1427 4021 lucia.

359 4035 382 4088 ri
394 4037 510 4100 rustico,
523 4036 566 4088 cui
580 4037 678 4088 Demea
689 4050 727 4091 eei
737 4036 866 4094 addictus.
948 4043 1008 4112 873.
1022 4047 1146 4104 Facerem,
1160 4061 1355 4114 computarem,
1364 4065 1424 4104 uur-

393 4115 454 4170 868.
465 4118 590 4174 Placidus,
602 4133 635 4167 ex
647 4133 740 4190 oppos.
743 4119 867 4188 femu-
911 4120 1043 4176 rodei-em.
1065 4145 1096 4157 -
1116 4125 1231 4190 cmm,
1249 4123 1344 4178 misere
1355 4145 1423 4180 uon·

299 4269 303 4275 Ι
356 4199 388 4246 Ν.
399 4199 415 4246 1.
427 4215 465 4262 os,
480 4193 613 4248 neminem
623 4213 712 4248 uorum
721 4197 866 4252 offendere.
911 4200 1020 4272 sumpsi.
1036 4233 1071 4242 -
1085 4209 1116 4254 In
1130 4206 1272 4269 quaerendo.
1289 4203 1331 4258 Cf.
1345 4206 1407 4272 817.
