3064 5180
306 539 530 609 ADELPH.
558 541 666 610 ACT.
690 540 732 622 V,
757 537 826 608 SC.
850 541 916 608 IV.
1081 565 1141 612 ιιι

99 676 167 743 Tam
179 683 351 846 ειωῖιω
364 651 616 766 reddam-atque
631 686 756 757 atram,
770 693 870 765 quam
883 672 985 742 carbo
998 675 1047 743 ’st
1061 677 1146 746 Μιο.

239 780 267 847 P
299 793 364 848 cet

101 887 183 955 lluuc
198 885 280 954 mihi
294 885 410 954 videre
425 904 558 980 sapere:
574 895 672 978 atquc
686 882 837 979 equidem
851 881 956 952 filium

8 1047 10 1082 :
101 994 172 1060 Turn
184 993 299 1079 etiam,
313 992 340 1061 si
359 989 456 1079 nolit,
473 1014 609 1086 cogam,
629 1004 667 1058 ut
679 1013 756 1059 cum
777 989 833 1059 illa
849 1013 914 1058 una
935 991 1042 1061 cubet.
1112 1017 1149 1056 sss

8 1093 10 1174 i
100 1099 181 1167 Duri.
196 1087 365 1166 Derides?
386 1096 592 1181 fortunatus,
607 1098 664 1190 qui
678 1097 742 1166 isto
760 1096 871 1166 animo
893 1098 975 1185 sies3

100 1207 160 1299 Ego
176 1205 292 1273 sentio.
308 1206 393 1274 Μιο.
409 1204 481 1289 ah,
501 1197 675 1298 pergisne?
696 1205 792 1286 Dant.
805 1206 880 1272 Jam
892 1204 961 1297 jam
973 1204 1096 1274 desino.

101 1312 172 1378 tue.
184 1312 391 1406 Iergointro
401 1336 411 1398 ;
420 1324 453 1379 et
464 1311 517 1378 cui
532 1311 579 1379 rei
592 1323 656 1396 est,
668 1311 699 1378 ei
712 1311 760 1378 rei
769 1310 860 1379 huuc
872 1333 1040 1381 sumamus
1053 1311 1150 1381 diem.

340 1475 562 1566 senua
602 1473 903 1589 Qunam.

502 1654 712 1722 DEMEA.

102 1811 266 1906 Nunquam
284 1812 331 1880 ita
347 1811 521 1904 quisquam
543 1809 627 1877 bene
653 1807 815 1878 subducta
838 1812 963 1879 ratione
985 1810 1151 1884 advitam

245 1917 325 2002 fuit,

130 2061 186 2116 853.
201 2065 278 2128 Quam
295 2057 482 2112 osrho'rtAEar.
494 2075 520 2128 p.
537 2075 594 2111 var.
640 2057 731 2112 titione
746 2058 877 2125 nominis,
891 2058 958 2116 ride.
969 2058 1059 2115 Suum.
1081 2063 1148 2118 Min.

102 2161 167 2208 μη
176 2145 322 2202 carbonem,
340 2158 394 2192 non
404 2149 485 2192 recte.
496 2168 532 2178 -
541 2142 597 2189 Ex·
640 2139 716 2207 11‚9.
730 2143 795 2190 Perl.
804 2140 874 2188 —Ei
885 2141 928 2201 rei,
940 2141 1040 2212 nuptiis
1051 2143 1151 2196 AEsehi·

101 2235 190 2281 mre,
203 2229 304 2273 tostam.
322 2249 358 2260 -
374 2222 469 2281 Placet,
485 2215 514 2269 id
533 2215 597 2269 mihi
639 2217 854 2272 nilaciendis.-
864 2223 1001 2284 Summus,
1015 2240 1151 2278 consuma-

100 2297 237 2369 jucuudutn
251 2309 300 2350 ert.
640 2317 710 2362 mus,
721 2297 897 2352 absumamus.

131 2379 186 2444 854.
200 2383 282 2430 Νιιιισ.
297 2377 351 2430 Un.
364 2377 428 2430 Mas.
444 2377 511 2430 Pall.
524 2391 597 2444 mne,
676 2378 717 2431 Sc.
728 2378 777 2429 IV.
793 2379 835 2432 Ab
849 2378 898 2432 hac
911 2393 990 2432 tecua
1001 2379 1153 2435 Schmieder

102 2477 238 2530 perperam.
250 2487 286 2498 —
303 2463 384 2525 Atque
399 2459 521 2526 equidem.
536 2457 599 2512 Hac
641 2458 734 2530 incipit
747 2457 857 2524 mama,
876 2457 948 2530 quod
966 2459 1151 2514 secundarium

102 2550 123 2592 et
133 2559 187 2612 quae
200 2553 348 2612 sequuntur
357 2538 387 2591 C.
399 2537 433 2590 G.
449 2556 485 2591 m.
501 2551 528 2590 et
538 2537 599 2594 Hal.
643 2537 769 2608 appellat,
786 2534 831 2589 ubi
842 2535 945 2610 agendo
952 2537 1105 2592 ostendatur
1115 2540 1153 2592 ni·

102 2621 194 2672 Demea
203 2617 336 2682 dant,sed
347 2619 433 2671 csteri
446 2636 538 2670 omnes
549 2639 602 2673 me·
643 2616 682 2668 hil
691 2616 793 2668 homini
802 2615 895 2668 melius
905 2635 974 2681 esse,
986 2636 1066 2689 quam
1075 2618 1153 2672 facili-

101 2696 414 2751 tumeant-tutum.
427 2694 507 2750 Pauci
520 2695 598 2750 codd.
644 2706 725 2748 tatem
741 2695 783 2747 vel
800 2693 951 2749 comitatem
970 2713 1082 2749 morum.
1100 2697 1152 2751 Sed

101 2791 166 2831 tum.
180 2808 214 2818 -
231 2779 331 2838 Videre,
347 2795 397 2848 pro
407 2777 509 2829 videns.
643 2794 697 2847 quo
706 2777 766 2848 jure
783 2773 827 2826 ille
839 2771 878 2826 vir
891 2793 923 2827 ex
936 2786 1009 2845 parte
1020 2775 1154 2831 comoedias

130 2855 187 2910 855.
210 2857 311 2926 cogam.
332 2855 394 2909 Lib.
414 2855 495 2927 antiq.
515 2875 600 2925 cogas.
644 2853 722 2906 faciat
734 2851 1153 2924 comoediamvelutiseparatam‚

101 2967 130 2976 -
160 2939 217 2987 llam
241 2940 330 3000 etiam,
352 2945 436 3006 quum
466 2933 601 3006 psaltriam
644 2932 766 3006 equidem
787 2934 831 2985 rix
851 2930 916 2986 scio.
937 2937 1024 2985 Perlet.
1043 2965 1079 2974 -
1104 2937 1155 2990 De-

101 3015 309 3069 elleceristalem.
324 3016 397 3063 ——Si
408 3015 477 3076 nolit,
491 3015 602 3070 etiamsi
646 3032 702 3066 mea
725 3012 822 3080 coepit,
843 3029 992 3082 perpenso,
1010 3011 1084 3083 quod
1100 3016 1152 3068 rita

101 3106 191 3147 munt.
646 3092 733 3145 fratris
751 3094 784 3144 sit
797 3089 855 3142 laeta
875 3108 906 3141 ac
927 3089 1031 3150 suavis,
1053 3107 1155 3149 mutare

131 3173 188 3226 856.
200 3177 256 3225 Isto.
267 3171 326 3225 Lib.
337 3171 420 3244 antiq.
437 3175 605 3225 istoc—Ds-
647 3189 722 3226 suam
742 3169 845 3223 tristem
867 3181 893 3221 ct
915 3188 1090 3226 aerumnosam
1100 3193 1108 3237 3
1129 3190 1154 3228 et

102 3255 157 3303 tides
168 3262 181 3303 θ
193 3251 256 3305 Hoc
268 3251 376 3314 diceus,
390 3269 433 3304 me
446 3251 556 3306 deludis.
569 3284 605 3293 -
648 3250 710 3324 quia
719 3268 748 3302 re
761 3251 828 3302 bene
839 3247 1002 3303 considerata
1012 3253 1154 3306 necessita-

102 3337 256 3398 Fsmatns,
277 3332 372 3404 supple
393 3351 428 3384 es.
443 3361 477 3372 -·
494 3336 542 3399 Qui
558 3336 605 3386 isto
646 3341 701 3382 tem
714 3327 865 3381 mutationis
882 3327 932 3379 sibi
944 3329 1093 3398 invenerit,
1106 3333 1156 3386 Tc-

103 3414 176 3462 animo
186 3413 242 3462 sies.
258 3410 340 3476 Quasi
351 3410 463 3471 diceret,
476 3411 606 3484 quimise·
647 3407 1041 3462 rentiusindeacrimineuovae
1050 3430 1159 3466 conver-

12 3503 14 3588 p
104 3489 191 3542 mrum
200 3506 306 3542 sensum
316 3489 442 3562 abjecisti.
650 3489 729 3542 sionis
752 3489 857 3541 Demea
887 3483 963 3540 facile
996 3487 1156 3546 defenditur.

134 3569 190 3623 ⁸58.
222 3569 267 3620 uri
284 3571 329 3620 rei.
350 3568 403 3620 Alii
424 3565 527 3622 addunt
547 3590 606 3638 opus
650 3568 784 3620 Hactenus
799 3579 886 3619 autem
896 3566 1034 3622 iracundia
1045 3583 1070 3621 et
1082 3573 1157 3643 argri-

106 3659 144 3702 cst.
164 3677 195 3688 -
208 3650 241 3698 li
254 3649 297 3700 νεὶ.
316 3646 484 3700 Retinuimus
499 3651 535 3699 rei
549 3658 608 3720 post
630 3655 633 3660 “
650 3645 716 3701 tudo
736 3645 818 3700 animi
846 3645 1004 3720 plerumque
1022 3647 1159 3706 obstiterat

106 3727 171 3780 hcut.
185 3739 211 3779 et
227 3725 299 3779 Perl.
318 3743 350 3779 ex
363 3723 410 3780 lih.
424 3727 516 3780 Bemb.
533 3725 607 3781 Idem
650 3726 857 3798 philosophanti.
870 3725 962 3792 Nunc,
976 3731 1120 3800 composita
1131 3733 1157 3785 in

13 3833 14 3870 ι
107 3807 145 3858 hh.
154 3801 295 3859 nonhabet
310 3808 427 3870 hilarem,
444 3806 517 3877 quod
526 3807 607 3880 vulgo
650 3825 750 3859 novum
764 3805 838 3877 quasi
850 3803 972 3860 habitum
985 3821 1089 3874 mente,
1101 3829 1157 3865 ma·

13 3893 14 3916 ³
109 3885 344 3957 sequimr.-—Intm‚
360 3885 388 3938 in
404 3883 474 3938 ades
488 3904 610 3940 mens-
651 3885 747 3960 gnifica
756 3885 859 3939 orditur
867 3885 940 3960 ῥήσιι.

13 4009 15 4024 .
112 3969 146 4016 Cu'
155 3969 198 4032 rei,
209 3969 232 4016 α’
245 3966 289 4018 rei.
299 3965 384 4018 Simil.
393 3963 479 4018 Cicer.
490 3965 568 4020 Orat.
581 3985 608 4037 p.
687 3965 748 4034 859.
763 3969 823 4019 Fuit.
831 3967 975 4035 Bentfuat.
989 3999 1020 4009 -
1030 3974 1096 4019 Bone
1105 3973 1160 4022 sub·

14 4063 16 4104 3
111 4045 175 4097 llosc.
194 4047 280 4098 Aruer.
300 4071 313 4090 ι
322 4046 369 4118 qui
383 4041 418 4098 de
438 4065 469 4096 ec
482 4067 509 4097 re
521 4057 610 4120 posset
652 4051 725 4098 ducta
735 4049 837 4100 ratione.
852 4043 1024 4101 Considerata
1037 4061 1108 4103 recte
1122 4048 1160 4101 vi-

14 4131 15 4138 *
112 4120 309 4198 dierueahqnid,
319 4124 346 4178 in
361 4143 413 4194 qua
426 4125 533 4177 nnulla
547 4125 609 4179 sub·
653 4124 732 4178 vendi
745 4127 962 4188 via‚translatum
975 4146 988 4178 a
999 4127 1162 4182 calculatori·

14 4205 16 4232 l

15 4331 17 4354 l

15 4367 16 4380 ι

111 4205 290 4277 essetsuspicio.
299 4230 312 4250 n
327 4209 368 4261 De
379 4204 425 4256 tali
439 4215 525 4260 autern
536 4225 609 4278 repc-
653 4203 712 4258 hus.
726 4208 798 4258 Fam.
