3026 5184
360 527 431 626 176
577 529 762 597 PUBLII
788 527 1052 598 TERENTII
1077 530 1201 598 tuat

353 661 504 732 Advorsae
518 657 589 754 ejus
603 684 664 755 per
678 674 711 730 te
725 673 814 730 tecta
831 659 996 754 tacitaque
1010 657 1100 754 apud
1116 683 1232 730 omnes
1254 661 1348 731 sieut

353 771 387 838 Si
402 791 548 862 unquam
563 791 643 863 erga
657 779 691 836 te
708 768 819 837 animo
837 790 908 836 esse
924 767 1032 838 amico
1048 767 1149 836 sensti
1162 767 1257 856 eam,
1268 769 1316 836 mi
1332 770 1425 838 Pam·

515 872 604 970 phile
621 898 631 962 ;

355 983 432 1051 Sine
444 979 559 1050 labore
568 979 657 1048 hanc
669 981 809 1074 gratiam
821 993 874 1080 te,
892 995 931 1049 ut
940 979 1002 1050 sibi
1015 978 1091 1061 des,
1103 978 1158 1050 illa
1170 994 1375 1076 nuncrogat.
1389 995 1425 1048 ³s0

357 1091 525 1158 Caeterum
541 1086 585 1155 de
604 1085 794 1158 reducenda
811 1088 845 1155 id
860 1086 976 1173 facias,
996 1085 1087 1180 quod
1106 1088 1225 1154 iurem
1247 1087 1290 1156 sit
1310 1101 1412 1156 tuam.

355 1195 524 1282 Parturire
542 1219 632 1281 eam,
648 1217 756 1288 neque
769 1191 940 1288 gravidam
957 1217 1027 1262 esse
1046 1207 1135 1262 exte
1153 1191 1243 1262 solus
1261 1195 1424 1264 conscius.

356 1301 443 1372 Nam
455 1302 547 1371 aiunt
556 1313 666 1372 tecum
678 1314 754 1396 post
767 1299 897 1369 duobus
912 1299 1131 1368 concubuisse
1142 1323 1215 1368 eam
1230 1299 1412 1369 mensibus.

356 1411 443 1478 Tum
451 1463 461 1496 ,
470 1420 645 1504 postquam
655 1407 698 1476 ad
706 1408 850 1494 tevenit,
858 1408 979 1476 mensis
990 1407 1100 1502 agitur
1110 1406 1165 1475 hic
1171 1407 1240 1499 jam
1253 1407 1425 1501 septimus;

356 1515 459 1604 Quod
472 1529 505 1584 te
516 1516 621 1603 scire,
635 1516 707 1609 ipsa
721 1511 845 1583 indicat
854 1536 906 1582 res
916 1538 923 1580 :
934 1537 1025 1583 nunc
1037 1514 1063 1582 si
1072 1513 1159 1607 potis
1171 1526 1231 1598 est,
1240 1511 1426 1606 Pamphile,

357 1623 516 1692 Maxume
545 1619 622 1689 volo
649 1620 759 1715 doque
787 1643 947 1716 operam,
975 1633 1015 1688 ut
1038 1615 1125 1688 clam
1148 1619 1280 1688 eveniat
1310 1633 1427 1714 partus
1469 1625 1471 1630 ’

518 1742 668 1822 patrem,
923 1795 927 1803 ,
1390 1739 1428 1790 ³9⁶

253 1857 256 1864 ’
354 1827 465 1930 'Atque
481 1833 565 1904 adeo
576 1859 709 1904 omnes:
724 1827 782 1903 sed
793 1835 821 1904 si
831 1832 865 1902 id
878 1825 951 1903 lieri
961 1857 1029 1903 non
1041 1845 1162 1928 potest,
1175 1833 1256 1926 quin
1271 1832 1426 1918 sentiant,

356 1943 494 2028 Dicam,
512 1941 666 2011 abortum
681 1965 752 2011 esse
762 1967 772 2029 ;
783 1942 867 2028 scio,
882 1942 1005 2009 nemini
1016 1938 1111 2008 aliter
1127 1953 1317 2033 suspectum
1335 1938 1426 2024 fore,

356 2048 461 2137 Quin,
471 2048 562 2143 quod
574 2046 748 2118 verisimile
763 2061 827 2136 est,
845 2062 934 2116 exte
950 2061 1040 2116 recte
1057 2048 1267 2115 eum'natum
1282 2058 1413 2138 putent

358 2155 528 2224 Continuo
547 2169 752 2249 exponetur:
773 2150 834 2224 hie
847 2153 907 2223 tibi
928 2151 1009 2223 nihil
1025 2167 1077 2222 est
1096 2149 1277 2246 quidquam
1299 2152 1428 2222 incom-

515 2261 623 2349 modi,
809 2301 817 2307 -
1392 2278 1429 2322 oo

394 2471 739 2541 388.Ad00rsaejus.1nnnit
745 2483 869 2545 stuprum
885 2525 889 2531 ,
949 2471 1009 2540 394.
1020 2473 1316 2540 Postquamadteueuit.
1328 2472 1429 2545 Exquo

260 2589 262 2594 -
355 2551 453 2624 virgini
465 2553 584 2606 oblatum
598 2570 630 2606 se
642 2563 749 2624 partum
756 2553 812 2623 jam
827 2552 869 2604 iu·
913 2551 961 2604 tibi
973 2549 1053 2603 ducta
1064 2563 1103 2605 est
1119 2569 1195 2604 uxor.

243 2641 246 2648 ⁴
356 2641 476 2684 stantem.
493 2662 529 2672 —
552 2637 643 2696 Tecta,
663 2629 868 2698 assiduatum
950 2629 1428 2700 395.erodeeseire‚r'psaindioosrss.

356 2713 442 2772 mira,
454 2729 488 2764 ne
501 2709 633 2764 dicautur,
647 2716 713 2763 Dor.
912 2707 980 2777 Quia
988 2711 1169 2776 contristatus,
1183 2711 1338 2785 corripuisti
1350 2724 1376 2766 te
1391 2712 1428 2765 lo·

393 2791 453 2859 389.
461 2793 488 2842 Si
492 2809 602 2858 uuquam
610 2809 672 2860 erga
679 2805 714 2854 te,
724 2802 776 2843 etc.
782 2788 868 2843 Andr.
911 2809 966 2843 ras.
978 2821 1014 2832 -
1025 2793 1125 2859 Siparis
1138 2804 1183 2844 est.
1197 2791 1225 2844 Si
1240 2792 1298 2845 fieri
1313 2792 1407 2864 possit.

357 2887 394 2922 vs.
409 2870 477 2937 293,
491 2887 531 2941 sq.
556 2895 568 2917 ι
582 2869 638 2924 sive
659 2869 717 2922 lasso
735 2880 761 2921 te
782 2868 869 2922 solum
949 2870 1009 2937 396.
1023 2875 1102 2936 aton,
1111 2872 1194 2941 junge
1203 2887 1265 2923 cum
1276 2886 1385 2939 putrem⁸
1397 2901 1429 2910 -

357 2966 460 3021 semper
473 2948 536 3015 sepit
548 2948 664 3002 maximi.
673 2973 685 2996 ι
695 2955 761 3002 Desa.
913 2955 1011 3018 Partus,
1024 2950 1201 3004 Philumenae.

392 3026 452 3096 390.
462 3031 518 3080 Sine
528 3031 626 3089 labore,
642 3021 868 3102 quodlaoilefleri
946 3029 1006 3100 397.
1024 3035 1106 3098 Atque
1124 3033 1187 3080 odeo
1201 3047 1297 3090 omnes,
1311 3041 1341 3081 et
1349 3027 1428 3100 igitur

272 3175 274 3182 γ
358 3118 453 3180 potest.
913 3109 980 3164 clam
994 3127 1095 3164 omues.
1105 3139 1141 3150 -
1154 3111 1217 3177 Quin
1233 3110 1358 3173 sentiunt,
1371 3125 1427 3161 eum

349 3195 353 3202 '
393 3187 503 3256 391.1)s
518 3191 676 3254 reducenda,
688 3185 763 3260 quod
776 3187 870 3240 attinet
914 3187 1055 3261 peperisse.

356 3266 391 3320 ad
409 3265 588 3338 receptionem
616 3279 663 3320 sut
691 3267 869 3321 exclusionem
948 3264 1428 3340 398.Abortumesse,Nonestlatinum

358 3347 454 3400 uxoris.
464 3345 536 3400 Vide
544 3346 631 3411 iufra,
645 3365 685 3416 vs.
697 3347 871 3415 ὀδῷ-ΘΜ
913 3351 1003 3400 aborsu
1016 3363 1067 3410 est‚·
1080 3345 1125 3402 sed
1144 3349 1336 3414 abortumfecr't.
1351 3346 1428 3399 Deest

358 3430 383 3478 in
396 3445 448 3479 rem
462 3430 494 3477 sit
506 3439 583 3479 amm.
594 3424 676 3493 Quod
688 3427 738 3480 tibi
748 3444 868 3481 commo·
913 3427 974 3480 loco
984 3444 1068 3481 notum
1077 3425 1285 3496 estfactum-vet
1295 3426 1428 3479 absolute.

357 3506 423 3560 dum
438 3503 581 3558 videbitur.
915 3512 982 3561 Bon.
997 3511 1093 3559 —Scr'o
1105 3509 1210 3573 nemini,
1220 3517 1270 3560 etc.
1281 3505 1427 3569 Constrne,

394 3587 456 3654 39²·
476 3588 616 3648 Portunus,
637 3585 761 3638 laborare
776 3583 869 3638 dolore
914 3587 968 3640 scio
986 3587 1045 3640 fore
1059 3597 1209 3658 suspectum
1222 3585 1326 3638 nemini
1334 3585 1427 3652 aliter,

358 3678 456 3738 partus.
469 3695 505 3706 -
515 3668 584 3716 Solus
603 3668 728 3726 conscias,
744 3683 822 3736 supp.
841 3678 867 3716 tu
911 3667 977 3738 quin
991 3669 1081 3738 (quam
1092 3668 1188 3738 quod),
1197 3677 1290 3736 putent
1300 3685 1363 3719 eum
1373 3677 1427 3720 nat.

359 3767 394 3800 es.
410 3747 459 3799 Per
466 3745 523 3796 heo
536 3741 644 3796 dextere
658 3743 775 3797 insinuat
788 3761 867 3815 posse
911 3758 976 3800 rect.
987 3765 1019 3799 ex
1030 3758 1071 3809 te,
1086 3744 1158 3815 quod
1170 3757 1209 3796 est
1219 3745 1373 3798 verisimile.

359 3843 419 3878 eum
432 3825 464 3893 (si
475 3823 511 3875 ita
520 3821 593 3890 velit)
606 3841 716 3875 uxorem
727 3824 785 3876 sine
798 3824 868 3877 mala
948 3825 1010 3894 399.
1036 3830 1212 3876 Reeee‘notum
1224 3862 1233 3889 ‚
1257 3841 1273 3874 e
1300 3823 1427 3895 legitimis

357 3906 425 3958 lema
437 3903 561 3963 retinere,
572 3901 656 3973 utqui
669 3904 743 3955 solus
754 3902 782 3955 id
790 3903 865 3956 sciat.
910 3905 1010 3976 nuptiis
1019 3917 1120 3957 natum.

394 3983 454 4052 393.
469 3985 555 4034 Aiunt.
570 3979 714 4033 Honestius
735 3978 799 4033 dicit
817 3999 867 4053 pro
948 3992 1007 4048 400.
1021 3987 1141 4036 &uliano
1150 3995 1303 4051 exponetur,-
1312 3982 1348 4036 ad
1359 4001 1429 4035 mor·

356 4068 449 4128 niteo.
465 4061 630 4115 Philumena.
648 4091 683 4102 -
696 4067 757 4113 Post
774 4065 867 4114 duobus
911 4077 966 4118 tem
984 4063 1092 4116 scilicet.
1115 4065 1156 4116 De
1178 4081 1232 4134 quo
1249 4079 1324 4115 more
1345 4061 1427 4135 ³apud

356 4145 485 4194 messibus.
497 4141 542 4194 Est
551 4143 708 4213 ἀναστροφὴ,
718 4159 767 4213 pro
776 4145 868 4193 ὡιοῠιιε
910 4145 1042 4196 Romanos
1066 4143 1164 4196 usitato
1181 4145 1238 4215 jam
1259 4161 1314 4194 non
1344 4143 1427 4196 semel

356 4228 457 4279 nrerrsib.
464 4235 528 4294 port,
541 4235 567 4276 et
576 4222 682 4296 supple,
692 4237 749 4292 post
758 4225 865 4292 nupcias.
910 4223 1038 4294 loquendi
1050 4223 1215 4278 occasionem
1233 4221 1333 4278 luimus
1345 4222 1426 4284 nacti.
1487 4251 1490 4264 ι
