3026 5184
392 557 461 639 πω,
625 525 803 621 ru'umr
828 547 1079 620 ,rursum
1104 549 1225 618 Arm

390 690 579 790 Advorsum
594 686 764 757 stimulum
780 683 909 754 calces&
928 683 1013 777 coepi
1033 685 1070 752 iis
1090 686 1203 753 omnia

391 798 529 881 Facere,
547 795 683 888 obsequi
696 817 769 886 quae
788 789 921 859 vellent.
939 791 1009 858 Dr.
1024 790 1120 859 Scisti
1132 791 1181 858 uti
1196 788 1279 858 foro.

394 906 435 972 G.
452 905 575 973 Noster
588 897 667 969 mali
686 897 731 968 nil
751 895 930 992 quidquam
951 897 1076 989 primo;
1096 896 1153 964 hic
1173 893 1324 964 Phaedria
1386 886 1389 894 ’
1431 925 1452 958 t..

394 1010 563 1078 Continuo
580 1005 757 1102 quemdam
780 1015 897 1072 nactus
918 1017 967 1070 est
985 998 1164 1095 puellulam

392 1115 632 1185 Citharistriam
650 1138 657 1180 :
679 1113 766 1180 hanc
783 1131 894 1178 amare
915 1109 1016 1201 coepit
1034 1107 1171 1202 perdite.

392 1223 441 1290 Ea
462 1220 628 1290 serviebat
645 1217 756 1288 lenoni
776 1215 1018 1309 impurissimo;

391 1331 523 1421 Neque,
544 1325 634 1421 quod
652 1324 786 1393 daretur
800 1320 998 1416 quidquam,
1017 1319 1051 1387 id
1069 1332 1226 1390 curarant
1244 1335 1364 1415 patres.

392 1433 550 1503 Restabat
568 1431 657 1500 aliud
675 1428 736 1515 nil,
758 1429 820 1497 uisi
837 1424 952 1496 oculos
970 1449 1121 1520 pascere,

394 1541 534 1625 Sectari,
551 1540 586 1607 in
605 1537 719 1606 ludum
739 1535 877 1621 ducere,
899 1545 932 1605 et
949 1531 1118 1603 reducere.

393 1633 464 1715 Nos
479 1645 577 1734 'otiosi
595 1647 732 1738 operam
754 1631 914 1710 dabamus
933 1635 1101 1708 Phaedriae.
1148 1701 1152 1712 .

393 1755 433 1820 ln
451 1776 518 1846 quo
540 1751 611 1821 haec
628 1748 777 1819 discebat
793 1745 892 1832 ludo,
912 1743 1131 1815 exadvorsum
1150 1747 1180 1814 ei
1198 1747 1272 1817 loco

394 1932 480 1982 Davo.
491 1958 521 1969 -
534 1933 618 1988 Istoee,
627 1943 720 1977 ornnes
729 1923 771 1976 bar
780 1921 904 1976 rationes.
985 1921 1029 1974 83.
1042 1927 1082 1972 ua
1089 1942 1148 1974 serv.
1161 1937 1212 1977 etc.
1221 1924 1364 1978 Errteuim
1375 1926 1457 1980 cithe-

394 2040 429 2050 —
444 2007 488 2060 sic
499 2005 566 2060 libb.
578 2003 665 2057 Bentl.
676 2003 709 2054 In
719 2003 765 2055 Fa.
780 2002 906 2071 reciptet
949 2001 1036 2054 ristria
1053 2002 1148 2055 ancilla
1162 2003 1281 2071 leuouis,
1293 2023 1350 2058 uon
1364 2005 1455 2060 libera.

394 2087 459 2140 edit.
473 2089 532 2138 nani
547 2104 612 2154 quta.
949 2079 1036 2144 lliuc,
1050 2083 1088 2135 ait
1100 2084 1169 2135 Don.
1185 2101 1282 2155 magur
1300 2085 1459 2155 proepsrsrio

430 2169 472 2237 78.
485 2166 650 2218 earnesvet.
665 2163 762 2235 interp.
776 2178 905 2229 oppenere.
949 2159 982 2212 ad
1002 2179 1091 2213 rerum
1108 2159 1292 2216 difficultatem
1317 2163 1457 2218 imminen-

394 2246 444 2301 Sed
454 2246 562 2319 Guyeto
575 2247 603 2296 rt
617 2247 696 2294 ealees
710 2255 749 2295 est
760 2238 905 2292 nomiirati·
949 2240 1031 2293 tium:
1043 2241 1170 2312 puellula,
1181 2241 1356 2308 citharistria,
1366 2261 1459 2298 avarus

395 2346 444 2379 vus
457 2325 578 2397 pluralis.
590 2355 627 2365 -
636 2324 730 2384 Galees,
743 2319 817 2373 deest
824 2323 905 2388 jecte-
948 2319 1027 2384 leno,
1044 2333 1147 2373 amator
1158 2321 1293 2392 perditus,
1312 2323 1414 2394 inopia.
1426 2355 1459 2364 -

395 2424 433 2464 re,
448 2417 478 2457 ut
492 2404 521 2456 st
534 2421 583 2477 per
597 2404 697 2470 ἰλλείψιν
711 2401 739 2454 iu
754 2399 906 2472 proverbia·
949 2403 1126 2468 Impudssimo,
1150 2400 1220 2466 fere,
1242 2401 1319 2474 quasi
1338 2401 1458 2456 diceret:

395 2485 465 2537 libus
491 2501 561 2556 sape
585 2481 772 2534 locutionibus.
795 2479 907 2531 Prover-
948 2479 1072 2549 quinibil
1085 2481 1326 2535 habebstsacrum.

395 2567 469 2617 bium
495 2573 535 2616 est
552 2563 633 2616 etism
655 2561 824 2628 Graecorum:
846 2562 905 2630 reple
985 2562 1027 2624 84.
1043 2560 1460 2634 Neqrte,etc.0rdiua:etpatres

396 2645 633 2718 attrectantium
652 2653 678 2694 et
686 2639 775 2693 Nostri
791 2655 907 2710 quoque,
949 2651 1105 2693 curaverant
1125 2639 1170 2702 id,
1189 2655 1219 2694 ut
1236 2659 1292 2693 uon
1312 2641 1460 2714 quidquam

397 2727 516 2793 regimber
527 2737 612 2774 contre
627 2723 745 2787 t'eperon.
763 2747 797 2758 -
809 2719 853 2783 ris,
873 2717 905 2768 ad
948 2719 1067 2781 daretur,
1082 2719 1098 2772 i.
1113 2739 1137 2772 c.
1151 2720 1208 2773 dari
1219 2722 1350 2792 possetSi
1361 2741 1461 2793 expuu-

397 2803 536 2857 arbitrium
548 2817 651 2854 eorum.
949 2817 1007 2868 ges,
1021 2811 1050 2851 ut
1060 2800 1142 2851 Zeuu.
1155 2802 1253 2867 Neque,
1266 2803 1337 2868 quod
1350 2803 1460 2861 darem,

433 2903 476 2952 79.
491 2889 565 2934 Furi).
575 2881 636 2933 Vet.
648 2879 746 2948 interp.
759 2879 864 2944 negotiu.
873 2903 906 2916 -··
950 2882 1101 2947 quidquam
1116 2881 1144 2929 r'd
1158 2899 1209 2930 cur.
1222 2894 1279 2947 pest.
1293 2879 1391 2933 ordine
1404 2898 1463 2932 mu·

398 2964 505 3029 obsequi
516 2979 580 3029 quse.
594 2959 616 3010 1.
627 2977 650 3012 e.
663 2960 766 3024 obsequi
776 2959 907 3007 seeundum
951 2956 1032 3011 tando
1050 2957 1119 3010 nibil
1137 2959 1204 3029 dpus
1220 2971 1266 3011 est.
1276 2989 1312 3000 -
1328 2964 1462 3012 Crtrermrt.

398 3063 429 3094 ea
442 3061 497 3110 quae
510 3044 611 3092 velleris.
623 3035 661 3079 -'
671 3038 796 3105 Utifom,
807 3046 908 3105 tempo·
950 3038 1063 3099 Gallice,
1070 3058 1093 3103 J
1108 3041 1208 3090 avaient
1224 3042 1269 3089 mis
1283 3043 1331 3090 bon
1346 3045 1431 3092 ordre.

399 3122 472 3174 ribus
481 3116 764 3183 servire,uccaslouem
775 3113 906 3184 arripere:
987 3109 1031 3170 8'6.
1041 3121 1148 3182 Securi,
1162 3116 1317 3188 frequenter
1328 3120 1415 3191 sequi.
1431 3151 1464 3160 -

399 3197 521 3270 exemplo
529 3197 736 3269 negotiatorum,
747 3192 793 3264 qui
802 3193 854 3264 pro'
865 3209 910 3244 an·
951 3202 982 3248 la
993 3201 1088 3262 ledum,
1099 3197 1145 3249 ubi
1159 3195 1279 3251 discebat
1292 3198 1463 3264 citharistria.

398 3296 475 3330 nome
493 3276 610 3338 ratione,
634 3273 750 3347 pretium
777 3271 909 3324 mercibus
988 3277 1030 3346 87.
1041 3281 1105 3338 Nos,
1119 3293 1168 3347 ego
1181 3288 1207 3329 et
1219 3277 1344 3348 Antipho.
1356 3279 1465 3350 Velpo

401 3358 454 3412 suis
467 3367 594 3409 statuunt.
611 3361 673 3407 tter.
687 3356 791 3406 assub.
951 3355 1021 3421 tius,
1041 3355 1159 3426 Antipho
1186 3357 1274 3409 eolus:
1303 3373 1374 3409 neue
1389 3361 1466 3428 jem

437 3439 479 3490 80.
490 3441 588 3488 Noster.
608 3433 734 3504 Antipho.
749 3463 784 3472 -
798 3434 862 3483 Meli
875 3435 911 3484 nil
951 3439 1055 3488 lemme.
1069 3465 1105 3476 -
1118 3438 1198 3486 Otiosi
1206 3476 1213 3501 ‚
1232 3436 1330 3507 quibus
1348 3455 1466 3490 vacuum

400 3521 550 3585 quidquam,
562 3515 647 3586 suppl.
660 3509 862 3575 lecit,admisit.
874 3543 910 3552 -
953 3514 987 3565 ab
1005 3514 1079 3566 omni
1097 3533 1186 3566 amore
1201 3527 1302 3584 pectus.
1316 3515 1351 3567 Et
1370 3518 1467 3570 idatio

401 3590 498 3654 Prusia,-
510 3595 579 3646 bene
596 3591 720 3647 additum
733 3593 827 3660 primm
845 3593 911 3662 quir
952 3605 1009 3655 est,
1022 3604 1052 3644 ut
1065 3591 1175 3646 adnotat
1187 3595 1356 3648 solertissime
1370 3597 1467 3651 Donat.

401 3693 455 3727 uon
466 3687 591 3743 perpetuo.
602 3675 671 3725 Dou.
683 3700 720 3712 --
729 3673 784 3732 Hie,
798 3683 890 3723 vester.
953 3672 986 3725 ed
997 3671 1144 3744 illudquod
1154 3691 1216 3726 mor
1225 3673 1304 3726 otiosi
1313 3685 1367 3726 uuir
1380 3687 1468 3729 erunt.

436 3753 612 3806 81.Oentinuo.
626 3749 709 3815 Queri
720 3749 765 3802 vix
778 3762 911 3821 exspectn-
954 3783 989 3794 --
1003 3759 1109 3820 Operam
1127 3755 1264 3817 debemus,
1288 3753 1374 3806 emori
1397 3755 1469 3807 illius

403 3835 471 3887 verit
480 3831 669 3904 profectionem
682 3829 773 3901 patris.
784 3835 850 3883 Dee.
954 3831 1115 3885 favebamus.

331 3927 340 3946 ·
438 3916 481 3966 82.
491 3916 593 3965 Puellul.
602 3911 713 3966 citharis.
723 3909 785 3961 Istis
798 3910 912 3963 noqui·
990 3913 1035 3966 88.
1049 3917 1147 3964 Eradv.
1160 3912 1190 3963 L.
1205 3909 1296 3963 Bemb.
1310 3927 1345 3962 ea:
1354 3917 1470 3964 adverse.

401 3998 452 4050 bus
461 3995 507 4046 hic
518 3993 604 4064 agitur
616 4001 664 4060 ,ut
682 4009 758 4044 cause
771 3991 868 4044 amoris
886 4002 913 4044 et
955 4007 990 4035 :-
1002 3999 1031 4042 1η
1045 4011 1094 4060 quo
1105 3995 1175 4053 ludo,
1192 3995 1216 4042 ei
1223 3996 1277 4043 loeo
1292 3995 1469 4043 exadversum.

400 4094 433 4126 ex
447 4085 534 4139 astate,
545 4082 571 4125 et
583 4089 616 4124 ex
628 4081 684 4123 arte
697 4071 791 4141 puellas
805 4070 910 4125 videre·
954 4073 1067 4127 Videtur
1077 4069 1205 4143 quiddam
1223 4071 1249 4122 in
1268 4071 1311 4122 his
1328 4073 1470 4141 παρέλιονς

400 4167 451 4207 tur.
462 4152 529 4207 Nam
540 4150 601 4204 ideo
610 4152 745 4228 pirellulam
753 4148 829 4202 dixit.
844 4155 907 4202 Dore.
954 4169 981 4208 ct
991 4165 1029 4207 est
1040 4152 1138 4204 locutio
1147 4167 1277 4222 ἕψω.-
1283 4156 1472 4215 exadvorsum,

399 4263 435 4276 -
448 4237 558 4297 Perdite,
572 4242 667 4304 preter
679 4229 798 4285 modum.
955 4245 1045 4286 contra
1055 4231 1140 4304 ipsum
1155 4231 1251 4283 locum.
