3026 5184
100 553 1125 584 mmmfflfflfflfflmfflmmeummnmmnnmmm

160 592 163 607 Ι

293 675 542 855 ierus
590 747 900 853 erimus.

500 984 685 1010 ιφ-

340 1187 563 1276 SCENA
607 1189 842 1275 PRIMA.

510 1399 673 1467 nevus.
798 1379 800 1386 ‘

96 1597 223 1702 hulcus
243 1651 390 1700 summus
412 1653 506 1699 meus
521 1646 554 1698 et
576 1628 745 1723 popularis
768 1632 854 1700 Geta

97 1740 156 1806 Heri
171 1737 270 1806 adme
292 1737 385 1805 venit
408 1761 414 1802 :
438 1751 510 1805 erat
529 1738 560 1806 ei
579 1736 626 1804 de·
642 1735 827 1805 ratiuncula

95 1849 149 1914 lam
166 1843 285 1939 pridem
305 1841 396 1938 apud
414 1868 468 1911 me
490 1841 652 1937 reliquum
671 1841 888 1937 pauxillulum
925 1853 933 1870 '

95 1953 300 2038 Nummorum,
319 1949 355 2018 id
379 1963 417 2017 ut
438 1949 639 2019 conficerem
656 1975 664 2015 :
680 1950 809 2019 confeci
823 1977 830 2018 τ
846 1950 971 2022 adfero.

95 2056 159 2124 llam
179 2055 309 2125 herilem
329 2053 435 2124 lilium
455 2057 526 2149 ejus
549 2055 680 2124 duxisse
700 2055 800 2124 audio

96 2165 214 2230 Uxorem
229 2179 236 2222 ἕ
251 2163 300 2246 ei,
317 2161 437 2247 credo,
460 2187 581 2232 munus
600 2163 666 2231 hoc
681 2161 878 2232 corraditur.
1107 2184 1134 2222 ⁴0

95 2269 180 2356 Quem
196 2269 302 2364 inique
324 2283 556 2361 comparatum
577 2283 650 2352 est,
669 2269 705 2336 hi
722 2270 779 2362 qui
795 2271 905 2339 minus
921 2272 1065 2362 habent,

96 2375 130 2442 Ut
144 2399 260 2470 semper
274 2373 399 2470 aliquid
418 2371 543 2442 addant
560 2371 784 2449 divitioribusl

118 2593 150 2648 Sc
164 2595 184 2648 1.
198 2597 286 2650 luhac
301 2612 381 2649 scena
392 2597 482 2648 Deme
493 2607 575 2666 pecu·
657 2594 701 2663 37.
726 2597 904 2648 pauxillulum.
922 2598 1038 2662 Quartus
1059 2617 1135 2655 cerne

94 2672 146 2726 niem
166 2675 231 2728 Getae
255 2675 375 2728 debitam
399 2673 515 2727 asserens
541 2672 576 2726 de
621 2671 817 2736 diminutionis,
830 2675 975 2746 «paulum,
986 2679 1136 2749 paululum,

94 2769 204 2808 utrorum
221 2755 374 2809 conditione
395 2753 491 2806 misere
509 2771 575 2806 con·
620 2751 777 2824 pauxillum,
788 2755 1001 2824 pauxillulum...

94 2832 197 2899 queritur.
617 2859 622 2869 ·
658 2829 1132 2909 38.1e1ecoaefi0mm.suppt.m.

120 2911 153 2964 35.
165 2916 254 2964 Amicis
266 2932 329 2966 sure.
343 2931 410 2964 meus
423 2926 447 2963 et
449 2931 512 2980 pop.
522 2922 573 2964 ete.
621 2927 696 2982 gene.
705 2911 738 2963 Et
746 2915 902 2982 eorfieerem,
912 2931 962 2985 pro
971 2916 1133 2987 colligerem,
1143 2921 1146 2928 '

94 2989 214 3045 lminmtio
222 3011 340 3064 persono
351 2994 417 3064 ejus,
426 3009 486 3063 quie
496 2989 576 3043 indu·
620 2988 686 3040 mihi
695 2987 764 3042 henc
778 3007 909 3044 summum
923 2993 1047 3048 alicunde
1059 3015 1135 3070 repe-

94 3069 146 3121 titur
160 3069 189 3124 td
202 3071 363 3125 audiendum
381 3081 575 3144 argumentum.
618 3067 709 3120 riretn.

94 3145 283 3205 heldemni
293 3143 400 3205 octehdi
415 3147 535 3204 Davum:
549 3163 576 3202 et
657 3147 840 3218 39.Her1'1.fil.
861 3150 892 3214 ej.
906 3149 977 3217 Pro,
999 3152 1060 3206 heri
1076 3158 1134 3228 ejus

94 3245 133 3279 mn
150 3230 243 3284 ostendi
265 3236 343 3303 qu'ue
367 3249 459 3284 cervus
484 3231 527 3283 eit.
542 3259 575 3270 -
619 3225 720 3290 fllium,
742 3225 798 3278 scil.
821 3227 1017 3298 Antiphonem,
1045 3235 1134 3287 Demi.

94 3312 204 3374 repeteris.
215 3311 253 3364 Nc
266 3311 402 3382 intelligas
412 3309 474 3374 hic,
487 3333 500 3355 ι
510 3309 576 3379 ejue·
621 3305 719 3378 phonie
734 3305 827 3358 filium.
838 3335 874 3344 ——
887 3312 955 3359 Dux.
973 3329 1084 3367 texerem.
1104 3315 1132 3368 Ie

93 3378 139 3435 <lem
151 3390 248 3460 populi,
264 3389 370 3463 oppidi,
388 3387 489 3462 pegi»,
503 3385 577 3460 quod
621 3385 711 3448 enirn,
734 3385 842 3437 absente
863 3397 953 3456 petre,
975 3389 1064 3443 fictetn
1082 3394 1134 3447 eibi

94 3459 142 3514 hlro
154 3469 187 3520 ric
198 3469 319 3540 explicari
332 3467 431 3522 indicet
449 3468 578 3538 cujusque
620 3465 693 3517 litem
708 3483 723 3516 a
737 3464 897 3518 Phormione
913 3467 1016 3521 intendi
1028 3487 1133 3543 pateus,

94 3557 182 3611 nonem
193 3567 281 3602 rerum
290 3547 407 3622 ejusdem
417 3545 578 3601 conditionis
620 3543 752 3596 Phanium
771 3542 871 3596 ducere
892 3547 1035 3616 cogebatur
1045 3569 1055 3614 ς
1078 3553 1132 3606 vid.

94 3621 225 3680 olorone.
243 3628 286 3681 Sic
297 3627 404 3680 Sellnet.
419 3623 576 3697 «Popularie
620 3623 668 3677 inl.
686 3620 822 3684 135,136.
840 3623 873 3675 Ee
890 3624 917 3676 in
934 3626 986 3680 hoc
998 3631 1133 3703 praecipue

95 3705 124 3751 tui
134 3705 234 3759 ecelerie.
245 3731 257 3752 ι
620 3713 738 3756 versetur
749 3703 850 3755 fabule.

121 3781 154 3834 36,
165 3791 225 3838 lieri.
240 3790 353 3858 Apparet
364 3785 423 3844 heri
433 3784 514 3838 fuisse
527 3801 576 3836 nu·
656 3790 700 3846 40.
713 3784 745 3832 Et'
756 3801 788 3833 m.
801 3786 847 3834 hoe
861 3803 924 3836 corr.
939 3785 970 3837 Ei
985 3787 1042 3842 hettc
1052 3807 1132 3860 pecu·

94 3861 152 3928 ptine.
170 3895 199 3906 -
216 3871 251 3918 De
264 3863 576 3935 raeirmeula.0pportuna
620 3861 663 3914 nie
678 3862 705 3914 in
721 3863 970 3936 munuecolligieur.

94 3935 210 3997 diminutio
218 3946 243 3998 in
250 3963 279 3998 re
288 3945 376 3998 servili
385 3984 393 4009 ,
403 3947 541 3995 ratirmeula
550 3954 577 3994 et
657 3947 698 4004 4¹·
708 3944 788 4009 Comp.
799 3957 843 3993 eet.
852 3943 1005 3996 institutum
1016 3959 1061 3998 eet.

94 4023 240 4080 pauxillulum.
253 4024 286 4076 Et
298 4036 337 4078 eet
349 4027 505 4087 ratiuncula,
524 4022 577 4074 exi·
656 4022 877 4082 emblematibus.
897 4025 927 4076 l».
944 4025 1026 4095 antiq.
1040 4027 1134 4077 ditiori·

96 4113 133 4163 ΕΜ
144 4104 251 4169 poennioe
262 4117 362 4160 summa
378 4101 452 4156 Gette
470 4121 484 4154 a
504 4103 578 4154 Davo
621 4104 671 4150 bus.
681 4131 717 4140 —
726 4103 836 4153 Addam.
846 4102 917 4154 Bene
930 4106 1040 4169 addam,
1051 4106 1133 4158 ecilic.

95 4172 169 4232 tlthite.
624 4195 720 4234 acervo
734 4177 853 4234 divitum.
