3016 5182
278 479 541 552 PHORMIO.
567 483 679 556 ACT.
707 488 752 575 V,
776 491 843 561 SC.
869 495 940 564 111.
1074 502 1139 578 321

108 613 158 680 Cu.
173 613 236 680 Jarn
253 626 350 682 recte.
368 615 435 683 Du.
448 615 541 703 Quid
560 615 620 684 tu?
632 595 752 714 ecquid
770 620 900 696 locutus
918 653 995 702 curn
1013 633 1142 727 istaes,

233 719 446 812 quamobrem
466 721 554 791 hauc
572 723 749 796 ducimus?

103 826 152 892 Cn.
171 825 327 919 Transegi.
345 828 411 896 Da.
430 828 522 916 Quid
539 832 585 900 ait
599 831 758 902 tandem?
773 839 840 906 Cu.
856 840 986 912 Abduci
1002 871 1070 918 non
1083 876 1142 946 po-

230 943 301 1000 test.
324 934 389 1001 Da.
410 934 479 1022 Qui
501 961 569 1005 non
590 937 721 1032 potest?

98 1036 147 1104 Cu.
159 1035 238 1124 Quia
249 1051 388 1132 uterque
400 1042 533 1135 utrique
550 1059 601 1113 est
608 1045 711 1114 cordi.
728 1049 793 1118 Du.
805 1049 896 1139 Quid
908 1055 993 1127 istuc
1004 1058 1139 1134 nostra?

228 1145 292 1212 Cn.
311 1147 453 1240 Magni:
475 1164 598 1242 praeter
618 1151 715 1237 haec,
1151 1246 1157 1258 Ι

93 1248 253 1342 Cognatam
283 1255 432 1346 comperi
454 1252 529 1326 ¹esse
551 1257 655 1328 nobis.
684 1260 752 1328 Du.
778 1259 884 1351 Quid!
908 1265 1050 1342 deliras?
1069 1279 1136 1348 Cu.

1 1349 3 1386 i
223 1357 274 1425 Sic
296 1360 369 1428 erit·
521 1399 524 1404 '
1098 1402 1137 1442 800

88 1462 147 1529 Nou
167 1475 286 1532 temere
308 1463 403 1616 dicon:
423 1466 494 1536 redi
512 1493 645 1538 mecum
663 1472 698 1539 in
718 1477 923 1550 memoriam.
944 1482 1010 1552 Da.
1029 1487 1132 1560 Satiu'

220 1594 319 1640 sanus
340 1596 396 1640 es·

1 1669 2 1682 ¹
88 1670 119 1740 N.
138 1670 199 1743 Au!
221 1676 382 1766 obsecro,
401 1701 482 1748 cave
500 1705 543 1749 ue
564 1683 599 1750 iu
618 1697 794 1777 cognatam
816 1712 944 1782 pecces.
967 1696 1035 1766 Do.
1054 1700 1132 1773 Non

218 1798 278 1853 est·
299 1785 365 1854 Cn.
383 1783 436 1852 Ne
456 1811 551 1880 nega.

85 1886 167 1956 Patris
181 1913 301 1958 nornen
316 1889 406 1960 aliud
424 1891 550 1962 dictum
568 1908 618 1964 est
636 1921 644 1964 ε
664 1896 730 1966 hoc
750 1912 788 1968 tu
807 1905 933 1973 errasti.
962 1909 1027 1980 Du.
1052 1915 1129 1985 Non

55 2083 61 2092 ,
215 2011 313 2068 norat
334 1994 490 2093 patrem?
643 2065 647 2074 .

79 2097 130 2167 Cu.
147 2099 254 2172 Norat.
278 2105 343 2174 Da.
362 2107 433 2175 Cur
448 2103 537 2175 aliud
557 2104 663 2176 dixit?
683 2111 749 2179 Cn.
777 2113 1001 2207 Nunquamne
1022 2121 1124 2198 hodie

1 2199 2 2237 ³
213 2209 376 2280 concedes
395 2211 495 2299 mihi,

76 2311 172 2407 Neque
190 2313 373 2411 intelliges?
393 2319 459 2386 Da.
490 2317 523 2386 Si
546 2313 589 2387 tu'
604 2317 651 2416 nil
673 2344 797 2392 narras.
833 2327 898 2414 CH.
922 2331 1062 2430 Pergis?
1080 2343 1122 2414 N,

1 2411 2 2438 i
206 2423 334 2507 Miror,
349 2423 431 2518 quid
446 2424 512 2493 hoc
528 2426 612 2510 siet.
648 2488 650 2495 ,
1087 2462 1125 2500 ns
1158 2518 1165 2531 ¹

1 2569 2 2626 i
99 2575 217 2640 797.1am
227 2587 300 2638 recte,
313 2591 392 2644 supp.
405 2571 559 2626 iactumld
606 2579 1119 2664 Wesa-Sotin'sanusesflNequaquam

1 2633 2 2652 ¹
68 2649 279 2719 queriretractans
291 2651 376 2704 dicit:
391 2653 558 2720 benenate,
602 2653 711 2708 credere
722 2670 807 2727 potest
826 2663 959 2736 Demipho
976 2669 1068 2737 illam,
1084 2677 1118 2732 de

67 2727 152 2796 gaudeo
162 2730 263 2784 datum.
276 2735 434 2799 -Ecqm'd‚
451 2744 500 2785 etc.
516 2734 558 2786 An
602 2751 652 2804 qua
678 2752 740 2787 cum
763 2737 925 2796 Phormione
946 2756 1000 2800 tarn
1021 2755 1117 2810 acriter

65 2805 137 2862 dixisti
148 2809 264 2873 Phanio,
275 2829 337 2883 quse
353 2829 432 2864 causa
453 2812 488 2864 sit
509 2829 558 2864 cur
601 2813 782 2880 contenderit,
795 2830 820 2871 et
832 2838 912 2891 quam
931 2822 986 2894 ipse
1001 2830 1114 2889 voluerit

65 2904 112 2940 eam
127 2889 276 2963 ejiciamus?
299 2920 333 2929 -
351 2896 441 2954 Hanc,
460 2909 557 2962 nempe
599 2891 742 2963 prohibere
759 2895 853 2961 domo,
871 2901 922 2954 sibi
942 2923 999 2958 esse
1016 2928 1113 2983 cogno.
1159 2899 1162 2906 ’

1 2993 2 3026 ;
63 2964 210 3024 filiamamici
220 2969 317 3036 nostri,
330 2969 347 3022 i.
358 2989 381 3023 e.
391 2981 475 3023 tuam.
486 2969 556 3023 Usus
599 2982 663 3025 mm.
676 2974 743 3028 Inde
751 2977 874 3051 obstupet
884 2981 935 3036 hac
943 3004 973 3038 re
984 2987 1085 3046 audito.

62 3049 266 3120 &pronomine
281 3061 338 3102 tum
352 3050 378 3102 in
394 3060 511 3114 renota,
525 3061 555 3102 ut
635 3052 696 3104 802.
717 3059 786 3107 Cave.
807 3058 868 3113 Lib.
886 3063 968 3136 antiq.
990 3070 1056 3120 vitae.
1074 3103 1109 3115 -

1 3169 2 3188 2
61 3143 185 3199 tape‚tum
195 3129 554 3184 addissimulandum.Boec1.
597 3135 696 3194 Pecces,
710 3151 741 3185 ea
755 3151 792 3187 sc.
804 3134 885 3191 d0¹11⁰
903 3143 1108 3215 ejecta-Non
1194 3173 1198 3180 ·

1 3207 2 3242 ἕ
86 3209 140 3278 798.
153 3211 204 3277 Qut
214 3230 263 3262 non
274 3225 326 3277 pot.
346 3209 388 3261 sl.
407 3209 458 3280 leg.
471 3213 553 3278 qnid?
597 3224 641 3273 est,
653 3227 858 3284 suppcoguata.

59 3305 97 3340 non
105 3300 198 3357 potest?
210 3319 243 3328 -
258 3292 376 3357 mamogo·
383 3329 391 3355 ,
408 3290 459 3342 seci
477 3287 549 3362 quod
632 3289 691 3342 803.
706 3293 802 3357 Aliud,
814 3313 895 3366 quarn
909 3317 1001 3357 revera
1014 3322 1104 3362 est...

57 3369 155 3437 opobas.
171 3400 205 3410 -
219 3372 334 3434 Abduci,
347 3369 382 3421 ab
394 3367 551 3439 Antiphone.
594 3372 657 3431 Hoc,
668 3369 704 3420 ob
717 3389 774 3424 enm
789 3391 905 3428 causam.
917 3409 951 3418 -
964 3387 1021 3436 Non
1032 3407 1106 3444 nome

83 3465 136 3517 799.
163 3455 219 3500 Uter
248 3450 351 3515 uerique.
377 3447 496 3518 Antipho
524 3458 551 3501 et
588 3449 1101 3531 patr.Nonncsciehatquispateresset.

53 3522 359 3595 Phanium-quidiste.
369 3527 453 3599 Supp.
461 3529 551 3584 refert.
629 3527 690 3590 804·
704 3533 751 3582 cur
762 3537 796 3583 al.
805 3536 892 3584 dixit?
903 3537 983 3611 Supp.
996 3563 1102 3603 nomen.

79 3607 133 3660 doo.
142 3610 280 3677 Cognatam
288 3627 369 3675 comp.
381 3610 402 3658 A
412 3606 548 3677 Sophrona
592 3635 628 3645 -
641 3610 775 3671 concedes,
789 3615 942 3670 consenties.

52 3683 142 3741 scilicet.
153 3688 241 3759 Supra
262 3706 301 3742 vu.
317 3687 381 3757 754.
394 3717 429 3727 —
442 3690 482 3737 Sic
496 3689 546 3739 erit.
629 3685 690 3739 805.
705 3691 797 3758 Pergis.
809 3691 867 3744 Lib.
882 3693 952 3747 vict.
958 3705 1054 3764 perdis.
1067 3737 1102 3750 .-

51 3761 95 3817 hoc
105 3787 194 3822 verum
204 3785 262 3820 esse
270 3767 429 3839 reperietur.
591 3768 663 3817 luat.
677 3766 743 3819 Rern
754 3769 840 3840 ipsam
858 3786 945 3827 mente
959 3778 1055 3850 capies,
1068 3817 1099 3831 .-

76 3845 127 3900 tor.
147 3851 210 3900 aedi
227 3868 322 3900 mecum
339 3851 363 3900 io
389 3866 458 3900 mem.
479 3845 547 3900 Vult
590 3846 618 3894 Si
626 3858 652 3894 tu
664 3847 703 3897 m'l
711 3867 777 3900 narr.
791 3850 875 3914 Quasi
889 3852 1004 3911 diceret:
1019 3865 1100 3920 «Non

49 3923 104 3978 enim
117 3927 270 3981 meminisse
281 3928 398 3992 fratrem,
409 3925 476 3999 quid
485 3945 545 3980 nar·
590 3923 714 3996 equidem
728 3927 887 4001 intelligam,
908 3933 931 3985 ⁸1
942 3935 1010 3991 nihil
1021 3945 1098 4014 quid-

48 4007 126 4058 avesa
139 4005 164 4059 ei
178 4007 212 4061 de
226 4009 307 4061 altera
322 4026 406 4060 uxore
419 4006 543 4066 Lemnia,
588 4022 667 4074 quom
681 4003 747 4058 mihi
759 4006 862 4062 dicas.»
874 4020 1013 4086 *Pergin
1023 4039 1099 4098 supp.
1115 4064 1121 4074 .

47 4091 109 4154 atque
124 4085 342 4152 indemnatis.
355 4085 543 4156 Demiphoau·
588 4079 676 4134 adhuc
703 4085 768 4138 mihi
787 4087 930 4146 adversari.
952 4125 988 4138 ·-
1011 4106 1097 4160 Miror.

1 4179 2 4186 κ
46 4160 85 4206 ten
107 4170 132 4210 et
151 4157 244 4214 tardus
263 4171 290 4212 et
310 4157 479 4229 importunus
493 4169 541 4210 est.
587 4159 692 4216 Nescio.
708 4163 839 4238 Loquitur
850 4187 948 4226 secum.

86 4269 128 4338 ΙΙ,
922 4307 963 4350 ar
1052 4327 1055 4332 ·
