3026 5184
351 559 425 605 aon
572 534 758 605 PUBLlI
785 533 1050 606 TERENTII
1077 529 1203 602 AFRI

590 731 830 824 ,scara
868 675 1169 850 Qunam.
1317 857 1320 862 1

469 911 490 1052 ,Α
503 934 754 1009 amnuens.
783 939 970 1009 incana.
1000 935 1276 1007 Panormus.

351 1111 415 1182 ΡΗ.
433 1111 510 1182 Tibi
526 1135 660 1208 quoque
676 1113 803 1210 aedepol
820 1115 923 1184 iratus
937 1139 1034 1200 sum,
1056 1110 1271 1200 Philumena,

350 1219 508 1289 Graviter
528 1219 661 1314 quidem
681 1247 689 1290 ε
710 1245 789 1291 nam
803 1221 916 1292 hercle
930 1221 989 1291 aba
1007 1235 1042 1290 te
1059 1233 1109 1290 eet
1123 1219 1249 1290 factum
1263 1219 1431 1314 turpiter3

354 1327 426 1396 Etsi
437 1327 498 1395 tibi
518 1339 686 1398 causaest
706 1327 749 1398 de
770 1328 835 1399 hac
853 1351 913 1398 re:
933 1341 1040 1398 mater
1059 1341 1092 1398 te
1109 1324 1259 1422 impulit;
1390 1347 1430 1388 ⁶2⁵

352 1434 439 1501 Huic
461 1456 541 1502 vero
560 1431 650 1503 nulla
668 1449 728 1505 est.
747 1437 811 1504 La.
834 1438 1035 1532 Opportune
1052 1445 1086 1503 te
1103 1431 1208 1520 mihi,

350 1539 535 1635 Phidippe,
557 1541 680 1637 inipso
702 1556 854 1638 tempore
875 1541 1031 1612 ostendis.
1051 1543 1115 1612 Pa.
1138 1537 1230 1628 Quid
1250 1535 1332 1608 est?

349 1649 443 1716 Pau.
464 1643 556 1735 Quid
577 1649 787 1750 respondebo
800 1648 854 1719 hia
869 1647 955 1719 laut
972 1671 1039 1744 quo
1053 1660 1153 1744 pacto
1165 1645 1232 1716 hoc
1249 1640 1433 1741 operiam?

353 1754 417 1820 Le.
440 1754 506 1822 Dic
525 1751 620 1842 filice,
647 1778 704 1823 rus
719 1767 951 1825 concessuram
973 1755 1053 1825 hinc
1074 1757 1279 1839 Sostratam,

352 1855 404 1927 Ne
414 1873 625 1946 revereatur,
638 1861 747 1930 minus
751 1862 822 1955 jam
832 1884 899 1957 quo
908 1861 1022 1932 redeat
1031 1861 1179 1932 domum.
1194 1861 1259 1928 ΡΗ.
1273 1856 1349 1942 hh,
1393 1875 1432 1919 ⁶1⁰

352 1964 489 2036 Nullam
503 1965 545 2035 de
559 1965 610 2036 his
627 1966 727 2037 rebus
745 1965 878 2062 culpam
898 1971 1098 2038 commeruit
1117 1981 1186 2038 tua.

351 2073 381 2140 h
402 2072 578 2167 Myrrhina
592 2072 665 2142 haec
686 2087 764 2143 aunt
781 2097 855 2143 mea
877 2093 981 2144 rmore
1002 2089 1118 2144 exorta
1137 2073 1259 2142 omnia.

352 2177 444 2249 Pau.
467 2179 611 2248 Mutatio
632 2177 681 2248 fit.
703 2179 765 2250 ΡΗ.
787 2181 838 2248 Ea
853 2206 915 2252 nos
931 2181 1123 2276 perturbat,
1145 2179 1269 2249 Lache.

387 2357 430 2410 Sc.
440 2378 479 2412 ιν.
490 2357 523 2410 In
537 2357 587 2411 hac
601 2376 680 2411 scena
694 2358 729 2412 ad
742 2365 867 2414 remotio·
947 2363 1009 2415 628.
1026 2363 1150 2430 Operiam.
1169 2359 1210 2412 At.
1229 2361 1353 2428 aperiam.
1368 2356 1432 2410 Itid.

353 2457 415 2492 nem
427 2438 514 2492 ultimi
530 2439 627 2493 erroria
639 2438 771 2494 Bacchide
787 2440 868 2494 advo·
912 2439 943 2494 C.
957 2441 990 2493 G.
998 2459 1036 2493 m.
1047 2459 1070 2494 c.
1079 2440 1118 2512 gl.
1124 2454 1207 2509 propr.
1217 2441 1287 2507 qaod
1295 2439 1365 2489 Phil.
1376 2441 1433 2490 nolo

355 2519 439 2572 canda
453 2517 596 2586 acceditur,
616 2538 648 2572 ac
662 2516 772 2587 deinde,
784 2521 868 2576 turbis
912 2526 1035 2572 reducere.
1044 2551 1079 2561 -
1093 2523 1160 2587 Quid
1173 2540 1234 2588 resp.
1248 2520 1295 2570 aa.
1316 2515 1395 2570 Patri
1408 2529 1433 2571 et

354 2610 510 2652 caeterarum
518 2615 610 2652 rerum
620 2597 730 2666 audatia,
739 2611 868 2654 catastro-
912 2619 1014 2654 eocero.
1025 2605 1122 2662 -Hoc,
1134 2597 1208 2673 quod
1219 2595 1330 2670 promiti
1342 2615 1388 2650 me
1397 2608 1434 2650 ta·

353 2677 405 2749 phe
414 2689 532 2750 paratur.
913 2681 1041 2734 citurum.
1053 2711 1090 2721 —
1105 2684 1228 2749 operiam,
1241 2672 1347 2732 celabo.
1357 2707 1395 2716 --
1406 2665 1432 2730 Si

388 2757 449 2809 623.
459 2762 542 2808 Iraau
555 2776 618 2810 sum.
631 2756 691 2811 Lib.
702 2769 757 2811 ant.
769 2758 866 2813 invert.
912 2759 979 2831 legia
992 2763 1118 2828 aperiam,
1130 2759 1249 2831 intellige
1259 2759 1314 2823 hoc,
1327 2753 1432 2810 scilicet

354 2857 408 2888 sum
425 2840 525 2890 iraa-
540 2837 593 2886 Titi
610 2856 719 2904 quoque.
733 2834 818 2904 Quasi
830 2836 869 2893 di·
912 2849 1022 2911 propter
1046 2838 1120 2911 quod
1150 2837 1340 2891 Philumenam
1370 2833 1434 2888 nolo

355 2927 419 2970 cat:
443 2934 521 2970 anon
540 2914 626 2968 tolum
644 2917 723 2968 matri
741 2928 808 2984 tua,
823 2929 869 2970 aut
913 2917 1050 2972 reducere.

354 2996 435 3049 etiam
444 2997 535 3049 acerui
544 3007 604 3048 tue.
617 2995 770 3050 Notandum
781 3009 819 3052 eat
831 2998 870 3050 in·
948 3001 1010 3068 629.
1025 3003 1074 3050 aas
1088 3017 1194 3050 concers.
1209 2991 1290 3063 Quod
1302 2991 1367 3048 acil.
1377 2993 1432 3066 jus·

354 3071 612 3147 auper,Phidippum
623 3093 638 3126 a
648 3093 778 3148 puerpera
787 3075 869 3130 modo
913 3091 983 3132 aeret
991 3078 1100 3132 Laches.
1109 3077 1152 3132 Cl.
1166 3095 1248 3150 supra
1260 3094 1298 3127 vs.
1313 3073 1380 3128 610.

357 3173 504 3228 egressum,
520 3175 574 3228 quo
588 3157 669 3228 paulo
687 3168 748 3211 ante
764 3177 802 3212 va.
817 3160 867 3213 563
948 3161 1008 3214 630.
1028 3164 1066 3212 Ne
1078 3173 1223 3210 reverentur.
1241 3153 1325 3222 Quasi
1338 3171 1432 3207 aceruo

357 3235 509 3288 intraverat·
523 3238 589 3286 Perl-
913 3238 1041 3292 memerit
1055 3257 1111 3290 non
1125 3235 1232 3300 odium,
1247 3233 1294 3288 aed
1306 3250 1433 3288 reveren·

390 3315 452 3380 624.
473 3319 515 3365 Est
526 3315 633 3381 suetum.
655 3313 698 3369 Sic
722 3314 801 3369 codd.
820 3320 868 3373 Be.
913 3319 986 3372 tiam·
998 3348 1032 3359 -
1043 3320 1126 3370 Minus
1130 3321 1187 3388 jam
1196 3321 1363 3387 qumTpictg
1370 3332 1431 3368 cum

356 3393 436 3466 Vulg.
446 3397 513 3464 fact.
526 3409 568 3445 est.
581 3399 678 3446 -Ats
694 3409 718 3447 te
722 3401 788 3463 jace.
806 3411 869 3466 turp.
914 3401 1069 3472 ἀναστροφῇ,
1087 3409 1116 3450 ut
1136 3395 1171 3450 ait
1183 3393 1266 3458 ordo,
1281 3413 1332 3463 quo
1351 3394 1432 3444 minus

355 3473 462 3527 Scilicet
470 3472 542 3546 quod
556 3473 712 3528 abaceaeeria
721 3473 802 3530 domo
815 3496 869 3531 ma·
912 3482 1005 3532 redeat.

359 3553 412 3606 riti·
950 3557 1012 3610 631.
1026 3563 1064 3609 De
1079 3559 1116 3609 his
1132 3559 1184 3607 reb.
1202 3553 1232 3605 in
1250 3552 1287 3606 eia
1301 3549 1432 3624 quaeatti·

392 3630 453 3685 625.
484 3635 571 3684 Mater.
597 3631 665 3708 ¹[lon.
695 3631 746 3706 leg.
771 3637 871 3706 pariter
912 3636 1023 3692 nentad
1038 3635 1113 3691 hunc
1130 3633 1285 3688 discessum.
1303 3660 1341 3672 -
1361 3635 1430 3694 Tua,

357 3727 449 3772 mater,-
474 3722 501 3762 at
514 3707 594 3762 codd.
610 3711 654 3763 Be.
672 3710 734 3765 add.
755 3713 819 3782 quie.
835 3748 870 3758 -
913 3737 988 3771 uxor.

267 3783 272 3794 ’
358 3797 484 3844 Materte
505 3791 607 3857 impulit.
629 3790 693 3844 Huc
717 3794 869 3864 parenthesi
948 3797 1009 3852 633.
1019 3796 1123 3848 Mutatio
1126 3797 1170 3866 fir.
1184 3791 1283 3862 Guyet.
1296 3787 1432 3841 dictionea

357 3891 411 3924 11011
424 3868 493 3922 male
506 3867 715 3925 includerenlur·
914 3891 971 3930 rarat.
975 3879 1012 3947 fit
1022 3893 1078 3926 non
1087 3872 1191 3942 capiens
1200 3868 1308 3922 delevit.
1317 3864 1430 3919 Rectius

391 3951 453 4004 626.
465 3951 541 3999 Natta
552 3962 597 4015 ert,
608 3951 695 4022 suppl.
712 3971 800 4015 causa,
816 3954 832 4007 i.
843 3974 870 4009 e.
914 3957 959 4008 Be.
971 3953 1062 4007 tribuit
1069 3950 1217 4023 Pamphilo,
1226 3945 1301 4021 quod
1311 3947 1334 4001 ia
1348 3964 1431 3999 recre-

354 4027 484 4086 defensio.
914 4035 933 4088 ri
947 4033 1069 4086 conscius
1082 4050 1098 4084 a
1112 4030 1197 4084 aenib.
1210 4047 1237 4080 se
1247 4038 1373 4079 avertens
1392 4024 1431 4077 lo·

390 4112 490 4179 627.1n
501 4109 555 4173 ipso
568 4120 639 4174 temp.
659 4109 769 4163 Abwlvi
779 4123 868 4183 potent
912 4124 1018 4186 quatur.
1034 4141 1071 4152 -
1093 4109 1165 4163 Para.
1181 4113 1243 4160 Mur.
1256 4109 1302 4178 fit.
1323 4104 1430 4157 Scilicet

353 4189 578 4257 sententia-quo
591 4186 683 4259 optab.
694 4199 720 4242 te
729 4191 867 4245 ostendi·
912 4191 1030 4245 criminin
1056 4203 1083 4244 et
1111 4190 1206 4262 culpe.
1238 4185 1301 4238 llaec
1335 4198 1428 4236 aecum
