3120 5178
296 597 304 604 μ
371 501 421 572 68
595 497 773 566 vunnu
802 496 1061 566 inanum
1089 499 1213 567 anm

368 637 496 703 Vemm
514 627 593 724 quid
609 627 901 698 faniasiut'homo
916 630 972 712 'st‚
992 629 1038 696 ita
1060 654 1187 700 morem
1204 655 1309 725 geras.

336 763 340 770 ·
368 737 540 832 Numquid
553 733 626 804 vis?
645 736 710 803 Dn.
732 736 881 804 Mentem
903 733 998 802 vobis
1020 733 1191 806 meliorem
1210 736 1291 806 dari.

366 848 447 915 Sin.
466 847 517 912 Tu
532 857 589 911 ms
606 841 685 910 binc
699 837 854 909 ibistDn
874 843 990 910 Recta.
1011 842 1093 910 Sin.
1108 843 1196 910 Nam
1215 843 1295 937 quid
1318 858 1356 912 tu
1376 845 1437 914 hic

527 972 624 1042 agas,

368 1057 454 1143 Ubi,
473 1057 500 1124 si
520 1053 600 1150 quid
613 1053 697 1121 bene
713 1053 903 1147 praecipias,
925 1076 1023 1122 nemo
1035 1053 1272 1148 obtemperet?
1397 1076 1439 1123 iss

368 1165 435 1232 Du.
455 1165 529 1256 Ego
548 1184 626 1230 veno
640 1158 720 1229 hinc
735 1158 834 1244 abeo,
856 1159 990 1253 quando
1001 1159 1047 1245 is,
1066 1161 1283 1254 quamobrem
1296 1161 1366 1229 huc
1380 1184 1438 1227 vc·
1517 1191 1522 1198 ·

527 1288 659 1350 nesam,

368 1377 438 1443 Rus
453 1373 550 1443 abiit:
572 1372 664 1442 illum
686 1393 767 1440 curo
779 1394 909 1456 unum,
927 1370 980 1439 ille
993 1371 1037 1439 ad
1051 1396 1104 1441 me
1122 1373 1249 1441 attinet.

367 1479 512 1570 Quando
534 1480 579 1547 ita
598 1475 669 1546 volt
683 1476 797 1563 frater,
819 1475 860 1544 de
882 1477 966 1546 istoc
985 1478 1055 1571 ipse.
1074 1477 1202 1547 viderit.

367 1586 434 1655 Sed
449 1585 522 1680 quis
540 1582 605 1653 illic
626 1597 695 1670 est,
718 1582 835 1678 procul
852 1607 951 1677 quem
966 1581 1083 1653 video?
1102 1586 1205 1653 Estne
1221 1573 1349 1678 Hegio,

365 1688 507 1760 Tribulis
529 1687 667 1759 noster?
687 1690 714 1757 si
736 1691 813 1758 satis
833 1712 952 1772 cerno,
969 1690 996 1758 is
1015 1689 1145 1776 hercle,
1165 1685 1246 1757 vah!
1391 1716 1432 1759 n.

367 1801 478 1867 Homo
498 1797 624 1866 amicus
639 1794 735 1864 nobis
749 1797 816 1888 jam
836 1793 949 1863 indea
971 1820 1085 1889 puero.
1105 1797 1160 1865 Dii
1179 1791 1277 1863 boni!

410 1943 568 2008 stamma
577 1935 732 2014 quidfocius?
739 1941 802 2007 Pro,
810 1939 877 2012 quid
968 1942 1035 2012 437.
1054 1941 1097 1995 Ili.
1113 1961 1170 1994 curo
1188 1961 1278 2007 unum,
1295 1943 1335 1995 itta
1352 1941 1389 1994 ud
1404 1963 1440 1995 nie

369 2020 738 2093 iaciatunusquisquei-Ut
751 2023 819 2072 domo
835 2021 882 2084 'st‚
927 2033 973 2073 att.
998 2021 1057 2074 Alia
1078 2034 1117 2075 est
1137 2022 1223 2075 Bentl.
1244 2023 1343 2089 lectio,
1357 2032 1440 2093 atque

369 2099 884 2172 itamooemgerus.Uthominutniugenia
927 2103 983 2172 ejus
1009 2099 1143 2154 distinctio
1169 2099 1243 2166 huc,
1269 2102 1336 2154 illum
1361 2121 1440 2154 curo:

243 2177 253 2184 “
339 2175 343 2192 ’
370 2196 448 2246 sunt,
464 2183 499 2234 ita
515 2194 553 2235 est
568 2180 621 2232 illis
634 2177 882 2250 obtemperandum.
928 2200 1000 2232 unum
1019 2180 1089 2232 iliud.
1104 2211 1143 2220 -
1165 2180 1253 2233 Unum.
1276 2181 1348 2233 Dicit
1367 2201 1440 2234 unum

371 2263 460 2315 Locus
477 2279 510 2313 ex
531 2260 618 2313 Plaut.
638 2259 752 2312 Mostell.
775 2259 832 2322 ΙΙΙ,
851 2278 884 2324 a,
928 2278 989 2312 eum
1003 2260 1158 2331 exceptione
1176 2279 1183 2310 :
1202 2272 1328 2313 ettamen
1349 2260 1386 2313 sic
1399 2262 1440 2313 lo·

376 2343 431 2407 34,
445 2338 613 2410 desumptus.
928 2339 1029 2410 quitur,
1039 2351 1069 2391 ut
1078 2351 1202 2410 appareat
1210 2340 1286 2392 illum
1297 2358 1352 2392 non
1363 2359 1441 2412 posse

415 2421 481 2484 433.
508 2417 641 2490 Numquid.
662 2418 706 2470 Br.
733 2437 796 2478 nunc
818 2416 883 2487 quid.
929 2419 1059 2490 imperare
1072 2418 1123 2471 sibi
1133 2418 1295 2472 oblivionem
1310 2419 1441 2474 AEachiui.

374 2533 413 2544 ..
431 2498 558 2570 Nunquid
572 2491 633 2550 uis?
647 2495 765 2550 Subuud.
787 2495 886 2548 mando·
929 2498 999 2550 Nam
1012 2495 1115 2550 idcirco
1129 2495 1226 2551 addit:
1248 2496 1386 2562 «Quando
1405 2500 1441 2552 ita

374 2601 407 2632 m.
431 2579 557 2632 Fon-mula
577 2575 746 2630 discedentis.
762 2607 801 2618 —
817 2575 886 2627 Men·
931 2577 987 2632 volt
1000 2575 1095 2640 frater,
1110 2589 1159 2628 etc.
1171 2602 1182 2623 ι

378 2672 423 2711 tem
439 2657 509 2710 nobis
523 2657 640 2709 meliorem
653 2656 716 2708 dari.
730 2659 794 2726 Πρὸς
809 2656 837 2706 τὸ
847 2657 886 2706 nis
971 2656 1035 2725 439.
1056 2657 1154 2708 Procul.
1177 2656 1240 2710 Vox
1260 2657 1305 2709 illa
1324 2657 1352 2710 in
1370 2658 1442 2729 plur.

376 2735 520 2809 respondet
534 2736 629 2808 agresti
642 2734 753 2788 feritate.
767 2733 837 2786 Nam
847 2752 886 2786 re·
930 2735 995 2788 Mas.
1015 2736 1114 2788 variam
1128 2734 1216 2788 aedem
1231 2735 1317 2790 habet.
1329 2769 1369 2780 -
1379 2739 1442 2808 Quis

376 2814 564 2888 spondendum
573 2827 630 2868 eret
643 2826 783 2879 autemut,
793 2813 885 2864 valeas.
932 2815 982 2867 iilic
1005 2827 1058 2880 est,
1078 2827 1129 2867 etc.
1149 2816 1260 2868 Inventa
1284 2835 1362 2869 causa
1385 2829 1442 2883 est,

378 2896 430 2950 Sed
444 2897 506 2960 hic,
519 2893 607 2948 nevel
620 2892 711 2947 abiens
724 2891 837 2945 blandus
847 2911 887 2946 es-
932 2913 981 2947 cur
991 2913 1046 2946 non
1060 2896 1137 2947 abeat
1146 2895 1261 2960 Demea,
1276 2909 1386 2967 propter
1399 2913 1442 2948 re-

379 2989 496 3046 set,pro
510 2972 712 3027 salutationibus
723 2973 785 3042 ipsis
799 2989 888 3024 amaru
932 2973 1032 3044 liquam
1054 2973 1149 3026 fabulas
1170 2987 1295 3045 partem:
1317 2988 1346 3027 et
1363 2975 1442 3028 simul

379 3054 514 3126 supponit.
529 3054 623 3105 Donat.
933 3051 1007 3106 aliud
1023 3051 1145 3117 additur,
1160 3071 1214 3124 quo
1229 3053 1392 3125 indignetur.
1408 3057 1443 3108 Et

422 3133 489 3197 434.
497 3131 556 3185 tots.
567 3134 598 3185 L.
608 3132 690 3203 antiq.
701 3131 888 3183 abin—Recta.
934 3133 1002 3186 bene
1013 3130 1129 3198 dubitat,
1144 3152 1176 3184 an
1188 3133 1343 3187 familiarem
1355 3132 1444 3187 videat

382 3213 425 3267 Sic
436 3213 485 3265 lih.
499 3213 592 3264 Bemb.
607 3211 694 3274 aolus,
711 3222 740 3263 ut
752 3211 797 3263 Fa.
812 3222 890 3263 testa·
935 3213 1035 3276 civem,
1050 3213 1106 3282 ipse
1119 3212 1234 3264 multum
1244 3215 1363 3266 absence
1379 3233 1442 3267 con·

382 3305 436 3345 tur.
450 3291 547 3346 ceteri
558 3307 650 3344 omncs
663 3301 733 3340 recte.
745 3320 785 3330 --
799 3291 837 3340 Tu
851 3309 891 3341 rus
935 3303 1028 3362 speetu
1040 3291 1146 3344 civium.
1161 3292 1254 3345 Donat.
1270 3283 1312 3360 (ex
1324 3294 1441 3346 emendat.

384 3373 438 3424 ltine
462 3371 529 3422 tbtsa
548 3369 633 3440 Magis
651 3368 796 3436 admonitio
812 3387 891 3441 quem
936 3362 1244 3441 Zeun.)-'-EstneHegio.
1255 3372 1363 3443 Cisup.
1376 3373 1443 3426 352.

383 3450 553 3521 interrogatio
566 3462 613 3501 est.
628 3448 717 3501 Pet-let.
977 3457 1039 3513 440-
1057 3451 1082 3501 Is
1101 3451 1185 3503 lorck.
1202 3451 1244 3504 ΑΙ.
1266 3455 1287 3503 is
1306 3453 1382 3504 doech
1405 3453 1443 3505 'st

426 3529 492 3594 435.
509 3529 668 3599 Obtempmt.
687 3528 732 3580 Br.
750 3526 840 3579 Guelf.
861 3545 891 3586 ι,
939 3553 975 3563 -
994 3530 1100 3581 Tribidis
1120 3542 1207 3582 noster.
1228 3531 1282 3595 Qui
1303 3550 1334 3583 ex
1351 3530 1444 3584 eadem

382 3613 466 3666 Zeun.
489 3607 567 3661 Both.
587 3607 740 3678 obtemperat.
939 3621 979 3660 est
992 3609 1074 3662 tribu.
1090 3609 1379 3680 PopulusAtheniensis
1396 3612 1446 3663 dis·

427 3688 492 3752 436.
510 3688 568 3757 Ego
584 3707 650 3740 vero.
667 3689 695 3740 Z.
714 3704 759 3754 ego
775 3704 839 3735 vere.
855 3717 894 3727 —
939 3688 1053 3741 tributus
1078 3687 1128 3741 fnit
1144 3689 1172 3740 in
1188 3689 1271 3741 tribus
1285 3688 1445 3754 duodecim,

387 3767 641 3837 Vem.Reipsa.—-Ia
653 3763 809 3838 quamobm
820 3765 894 3818 Nova
938 3765 972 3821 ad
987 3767 1116 3820 mensium
1132 3786 1288 3834 numerum,
1307 3782 1335 3821 et
1353 3789 1446 3823 rursus

383 3846 484 3900 locutio
495 3865 561 3917 pro,
575 3851 595 3897 is
605 3857 705 3916 propter
714 3863 790 3915 quem.
799 3843 833 3896 Et
843 3862 894 3914 pro
937 3864 1102 3918 unaquaeque
1123 3847 1209 3899 tribus
1228 3847 1257 3898 in
1275 3849 1381 3919 triginta
1400 3868 1446 3920 ge·

384 3927 494 3981 homine
503 3924 602 3978 dicitur
612 3927 799 3993 res,negotium.
812 3923 857 3976 Sic
869 3937 895 3977 et
937 3943 1019 3989 nera,
1039 3925 1265 3998 quemadmodum
1284 3941 1397 3993 vocant,
1412 3926 1446 3980 ud

386 4005 469 4070 alibi,
484 4003 602 4074 Adelph.
619 4023 657 4056 vs.
670 4009 723 4073 49:
741 4003 790 4054 «In
803 4023 835 4056 eo
850 4021 892 4055 me
937 4003 1041 4058 dierum
1053 4006 1151 4058 mensis
1161 4025 1310 4059 numerum.

384 4085 604 4149 oblect03sulum
612 4081 640 4135 id
652 4095 689 4136 eat
698 4083 889 4138 carummihi.»
979 4091 1045 4148 441.
1071 4086 1117 4137 Dii
1139 4085 1204 4138 boni.
1226 4085 1289 4139 Haec
1310 4088 1392 4139 verba
1417 4086 1445 4138 in

385 4195 424 4213 -.
436 4167 468 4218 is.
481 4162 608 4231 Ctesipho
621 4162 698 4214 filius.
939 4164 1023 4216 Mart.
1037 4167 1185 4236 junguntur
1200 4167 1289 4220 venui
1302 4186 1356 4237 aeq.
1363 4167 1407 4220 W
1404 4178 1446 4217 est.
