3026 5184
395 524 467 598 226
631 527 813 597 PUBLII
835 529 1080 598 TERENTII
1105 529 1227 597 AFRI

391 663 515 732 Omnia
542 681 657 728 omnes
681 659 738 728 ubi
760 660 961 728 resciscunt:
980 662 1053 750 nic,
1077 683 1161 754 quos
1188 661 1297 730 fuerat
1323 684 1385 755 par
1407 686 1455 732 re·

550 790 707 852 sciscere,

392 875 524 968 Sciunt3
542 897 627 967 quos
640 886 832 941 nouantem
845 875 1023 967 aequum’st
1032 874 1134 962 scire,
1149 897 1257 968 neque
1267 874 1458 960 resciscent,

548 1003 655 1073 neque
674 981 790 1048 scient.

391 1091 475 1157 Bac.
490 1087 600 1155 Immo
614 1086 732 1171 etiam,
746 1084 803 1179 qul
818 1084 884 1153 hoe
898 1084 1058 1154 occultari
1072 1083 1198 1155 facilius
1213 1085 1349 1174 credas,
1364 1085 1455 1155 dabo.

391 1192 567 1289 Myrrhina
582 1193 628 1260 ita
644 1191 808 1286 Phidippo
824 1188 926 1274 dixit,
946 1191 1154 1284 jurijurando
1173 1216 1250 1261 meo
1421 1205 1454 1258 ὃν

391 1305 434 1370 Se
454 1298 554 1369 fidem
571 1298 742 1382 habuisse,
763 1311 796 1366 et
816 1312 992 1391 propterea
1013 1313 1046 1367 te
1066 1297 1128 1366 sibi
1151 1313 1342 1393 purgatum.
1366 1301 1455 1367 Pan.

429 1485 431 1494 Ι
551 1405 698 1500 Optume
710 1406 767 1491 ἐι,
824 1460 830 1471 ,

388 1515 557 1607 Speroque
575 1511 664 1581 hanc
684 1535 754 1578 rem
771 1533 842 1578 esse
864 1523 1057 1580 eventuram
1074 1510 1171 1580 nobis
1188 1536 1229 1579 ex
1247 1514 1421 1580 sententia.

390 1621 475 1689 Pau.
498 1621 602 1700 Here,
617 1615 736 1790 Ιίξάῃε
755 1617 839 1686 scire
857 1641 898 1684 ex
918 1629 970 1702 te,
988 1615 1089 1686 hodie
1104 1616 1184 1712 quid
1198 1619 1259 1706 sit,
1277 1616 1377 1713 *quod
1397 1616 1456 1687 leci

550 1724 630 1792 boni

388 1836 457 1900 Aut
473 1828 552 1925 quid
570 1830 655 1899 istuc
669 1843 737 1917 est,
754 1828 845 1923 quod
858 1853 918 1898 vos
933 1827 1053 1924 agitis?
1065 1831 1157 1898 Pan.
1174 1828 1252 1898 Non
1271 1827 1358 1899 lieet.
1372 1832 1455 1899 Pan.

548 1937 673 2004 Tamen
691 1937 851 2030 suspicor.
1421 1957 1457 2008 ⁸⁷⁵

394 2045 541 2137 «Egone
566 2041 657 2111 hunc
684 2041 726 2110 ab
753 2043 845 2111 Orco
872 2039 1061 2111 mortuum?
1085 2065 1151 2135 quo
1177 2040 1337 2136 pactolo
1367 2047 1455 2114 Pan.

486 2184 494 2196 ·
550 2148 685 2233 Nescis,
711 2149 894 2231 Parmeno,

391 2256 565 2344 Quantum
576 2253 676 2323 hodie
693 2253 856 2348 profueris
875 2253 976 2333 mihi,
1000 2269 1034 2323 et
1042 2278 1101 2338 ‘me
1115 2279 1156 2324 ex
1174 2269 1298 2349 quanta
1311 2281 1456 2325 aerumna

551 2375 741 2430 extraxeris.

391 2533 429 2587 Ce
438 2539 517 2605 poete
529 2531 598 2586 viole
607 2531 708 2602 l'ueuge
721 2531 770 2603 qui
782 2530 846 2584 etait
856 2529 901 2584 de·
947 2561 981 2572 -
991 2533 1091 2599 Jurbear.
1101 2551 1164 2584 meo.
1174 2531 1216 2585 Cf.
1226 2550 1299 2604 supr.
1310 2533 1378 2605 754,
1396 2534 1455 2605 755.

391 2629 461 2666 venu
473 2630 526 2665 une
534 2612 618 2684 tegle,
632 2610 784 2663 d’inrtruire
793 2621 853 2662 leue
864 2610 903 2664 len
983 2609 1044 2680 872.
1054 2613 1117 2674 Sibi,
1132 2610 1203 2682 apud
1217 2629 1258 2675 re,
1273 2631 1321 2666 ruo
1336 2612 1445 2685 judicio.

391 2710 567 2765 personuugeo
576 2689 615 2743 du
628 2688 816 2743 deuouemenr.
828 2689 903 2741 Certe
984 2689 1044 2756 873.
1059 2695 1183 2758 Speroque
1198 2694 1263 2742 lane
1277 2712 1342 2752 rem,
1357 2705 1407 2746 etc.
1417 2695 1458 2746 In·

391 2773 544 2826 nouvenute
560 2769 646 2823 eumin
664 2787 702 2840 pu
718 2769 844 2838 choquer.
859 2767 902 2818 Un
948 2757 1007 2820 riuit
1016 2769 1087 2821 enim
1098 2769 1254 2840 Pamphilus
1265 2769 1301 2824 de
1308 2770 1458 2826 reducenda

391 2863 448 2905 mot
464 2849 613 2923 d’apologie
628 2847 773 2901 detonnee
785 2847 905 2920 previent
948 2865 980 2900 ee
991 2847 1188 2902 reconcilianda
1201 2849 1252 2902 eibi
1263 2867 1353 2904 uxore.

392 2932 418 2984 la
431 2930 552 3002 critique.
565 2955 578 2976 ι
590 2929 743 2980 ιαηοηιιίεν.
985 2927 1046 2996 874.
1069 2933 1117 2980 Ne.
1136 2929 1198 2982 [ab.
1215 2927 1298 3000 antiq.
1313 2949 1360 2980 me.
1374 2935 1431 2984 Nee
1441 2932 1457 2983 Ι.

429 3005 765 3065 868.nn.siclib.ant.1n
776 3006 840 3058 Mes.
849 3003 908 3074 qui·
950 3005 1041 3058 Bemb.
1051 3005 1113 3058 heb.
1130 3025 1179 3060 nec
1193 3007 1276 3058 Dn-
1286 3007 1374 3061 Pau.
1388 3015 1459 3074 Here,

392 3087 504 3142 bundam
518 3091 552 3140 lu‘.
564 3087 594 3140 C.
606 3087 641 3140 G.
655 3101 690 3136 m.
705 3087 752 3146 loir}
769 3101 829 3155 sup.
843 3081 903 3152 755.
949 3095 999 3137 etc.
1011 3083 1089 3137 Redit
1102 3103 1202 3145 servus,
1212 3086 1259 3157 qui
1271 3104 1364 3156 parum
1377 3088 1458 3158 proli-

392 3173 522 3220 -Fuemn
531 3164 751 3231 Palensumnu
762 3179 867 3226 errore,
875 3170 905 3212 ut
948 3162 984 3216 cit
997 3163 1025 3216 in
1037 3162 1279 3236 explorandisque
1297 3165 1459 3236 ipsumrcire
1504 3207 1506 3214 ,

393 3248 490 3318 liquet,
498 3257 600 3316 typogr.
610 3243 642 3293 In
651 3241 669 3292 l.
677 3241 858 3308 Bembfuen't.
870 3269 905 3280 -
948 3260 1003 3294 non
1013 3261 1118 3314 equum
1130 3247 1350 3312 eran-Quidni,
1361 3250 1457 3318 quods.

393 3323 575 3377 Roseircereffl.
583 3321 616 3374 G.
625 3322 904 3373 nanciscere—Sciunt.
926 3369 929 3374 ,
949 3324 1014 3374 boni.
1023 3322 1066 3374 cf.
1079 3341 1139 3392 nup.
1149 3340 1188 3375 ve.
1199 3321 1261 3376 85².
1272 3323 1318 3377 Sie
1326 3325 1460 3380 denuoait

394 3403 513 3472 Quidam
522 3406 651 3455 sciscam
661 3417 742 3452 manu
751 3398 903 3472 posteriore.
949 3417 1050 3463 servus,
1069 3419 1152 3472 quum
1163 3401 1245 3455 berun
1257 3422 1318 3457 eum
1333 3404 1404 3458 dono
1415 3407 1460 3459 eli·

432 3485 643 3552 869Jlesoisceur.
656 3479 687 3530 L.
699 3490 752 3531 aul.
764 3480 903 3530 resciscunt.
949 3497 1004 3550 quo
1014 3497 1113 3550 augere
1127 3481 1260 3534 voluisset.
1278 3488 1344 3538 Perl.

395 3593 431 3609 ..-
441 3567 528 3630 Neque
544 3579 605 3612 rese.
622 3577 701 3626 nequo
713 3557 905 3628 reienr.Nempe
985 3559 1173 3630 875.Autquid
1183 3557 1309 3626 irrueest,
1321 3576 1373 3618 ete.
1386 3565 1459 3619 Ridi-

397 3643 546 3695 resciscr'mus
566 3657 597 3692 ex
615 3623 690 3703 aliie,
701 3639 791 3688 senous
803 3654 850 3706 per
858 3655 906 3689 no·
949 3640 1010 3691 eule
1028 3639 1108 3692 inerat
1131 3641 1217 3702 seire,
1235 3641 1411 3712 ignoraturus.
1424 3677 1460 3688 -

395 3734 475 3775 atram
482 3717 747 3790 opinationem.Don.
949 3722 1081 3773 Noulr'cet.
1099 3719 1160 3773 Non
1177 3723 1304 3792 permitto
1325 3735 1350 3776 te
1363 3741 1458 3796 cogno-

433 3801 491 3870 870.
504 3798 634 3850 Oceulmri.
650 3794 711 3846 Lib
725 3795 809 3866 antiq.
823 3813 903 3862 pom.
948 3815 1032 3852 erere.
1045 3829 1081 3840 --
1096 3805 1203 3865 Tamen,
1217 3802 1267 3855 eui
1281 3821 1335 3855 non
1346 3803 1408 3858 licet
1417 3824 1460 3858 me

396 3883 458 3934 Non
466 3877 530 3931 bub.
543 3875 636 3929 Bemb.
647 3903 683 3915 -
695 3875 750 3942 Qus,
762 3873 905 3944 quomodo.
949 3877 1025 3942 scire.

397 3960 523 4017 -υαὸο,
536 3953 660 4007 efficiam.
985 3958 1045 4027 876.
1054 3963 1147 4026 Egone.
1165 3960 1224 4013 Lib.
1243 3963 1334 4016 Bemb.
1352 3969 1459 4033 Ego.—

433 4040 495 4107 871.
510 4034 679 4101 Jun‘jurando.
688 4030 732 4084 sic
744 4030 761 4082 1.
771 4030 862 4085 Bemb.
874 4033 905 4084 Iu
950 4041 1172 4104 Egonelnmc,ete
1179 4040 1460 4114 Hicl’urmeuorepetit

395 4117 462 4174 libb.
475 4114 522 4168 1²2.
543 4113 717 4180 jurejurando.
737 4109 802 4162 ltid.
825 4111 856 4164 C.
872 4111 905 4164 G.
950 4117 1031 4168 verba
1049 4117 1196 4188 Pamphili,
1211 4131 1239 4172 et
1252 4139 1357 4184 aecum,
1379 4121 1459 4193 qunti

396 4216 432 4252 m,
446 4199 548 4255 -aelra,
559 4189 660 4244 seilicet
671 4206 699 4242 re
710 4187 760 4242 fid.
775 4188 905 4246 habuisse.
950 4193 1006 4248 haeu
1016 4195 1146 4267 cogitans,
1157 4197 1283 4269 loquitur.
