3026 5184
274 511 496 580 HECYRA.
524 513 630 580 ACT.
656 513 699 596 V,
724 513 792 580 SC.
820 513 887 580 IV.
993 555 999 564 ·
1045 538 1111 612 227

82 648 146 714 Pac.
165 645 265 711 Immo
281 667 362 712 vero
383 646 469 728 scio,
493 667 600 737 neque
617 644 684 712 hoc
707 643 900 740 imprudens
922 642 995 713 leci.
1022 648 1114 716 Pau.

210 751 280 844 Ego
300 751 384 818 istuc
403 751 480 818 satis
501 750 579 818 scio.

81 857 146 926 Pru.
167 857 215 924 rin
239 870 362 924 temere
392 854 570 950 quidquam
609 857 773 924 Parmeno
806 870 998 950 praetereat,
1027 857 1116 952 quod

211 959 296 1031 lacto
318 985 397 1030 usus
415 960 479 1030 sit?

79 1068 150 1136 Pan.
162 1068 298 1160 Sequere
312 1091 366 1136 me
381 1069 491 1150 intro,
511 1069 683 1135 Parmeno.
697 1069 783 1136 Pan.
797 1071 924 1162 Sequor
939 1094 945 1136 :
966 1070 1117 1163 equidem

204 1171 275 1266 plus
295 1171 395 1242 bodie
416 1173 496 1242 boni
999 1217 1002 1228 ·
1081 1192 1120 1230 εει·

79 1280 136 1346 Feci
151 1278 355 1373 imprudens,
374 1303 474 1374 quam
504 1279 609 1347 sciens
630 1293 706 1348 ante
723 1279 815 1348 hunc
837 1278 923 1347 diem
951 1305 1117 1375 unquam:

209 1383 366 1478 plaudite.

104 1556 246 1625 Byblieque.
259 1557 294 1611 G.
304 1557 338 1610 G.
352 1575 451 1610 m.nec.
465 1562 561 1607 —1m·
599 1558 674 1624 facto
683 1561 768 1608 nesii·
776 1553 858 1623 Quod
865 1559 1025 1613 incereutile
1033 1561 1120 1616 fuerit.

77 1635 219 1702 pninrciene.
228 1636 269 1690 Cl.
278 1655 318 1690 re.
329 1637 392 1690 aar.
401 1637 480 1688 Recte
489 1632 562 1686 dicit.
639 1637 704 1690 880.
718 1641 834 1704 Equidem
841 1643 897 1705 plns
907 1641 1043 1703 hodiene.
1052 1640 1120 1693 Sen-

78 1715 169 1767 Perrnm
186 1715 254 1768 enim
275 1714 400 1768 beneficii
423 1714 564 1776 meritum,
607 1715 689 1768 tentia
707 1715 830 1770 Plantine
843 1735 875 1770 ex
888 1716 1005 1788 Captivis
1017 1719 1121 1791 Prolog.

79 1793 128 1845 riab
139 1793 296 1865 imprudente
309 1792 458 1865 prestitum
474 1791 564 1847 ridea-
609 1800 655 1858 44:
666 1793 747 1846 «Plus
760 1796 865 1846 insciens
878 1793 936 1865 quie
947 1798 1009 1860 feeit
1016 1837 1025 1862 ‚
1039 1815 1121 1869 quarn

78 1879 180 1928 tuebor.
192 1905 226 1914 —
236 1879 292 1942 Ego
301 1877 340 1925 ist.
352 1887 403 1926 sat.
414 1875 474 1924 ecio.
488 1871 563 1923 Pem·
607 1871 738 1944 pludens,
747 1877 812 1926 boni.
821 1901 834 1919 a
843 1873 955 1946 Egregie
967 1887 1042 1929 notat
1054 1877 1119 1930 Fer·

78 1949 146 2020 pbilue
167 1953 247 2006 facete
275 1950 373 2005 iisdem
399 1951 453 2004 lere
473 1948 562 2002 verbis
607 1953 667 2005 nab.
691 1954 817 2006 «Bonum
838 1953 924 2007 lacere
943 1965 1014 2007 recte
1033 1968 1119 2027 potest

79 2031 212 2084 anenoni
227 2029 389 2103 respondet,
402 2029 500 2100 quibus
517 2026 562 2078 ille
607 2031 1119 2102 etimprudene.benefacerenemoniei

79 2124 193 2164 meret.
450 2133 455 2144 ·
606 2109 748 2180 prudens.»

104 2187 155 2257 879.
163 2194 286 2240 Parmeno.
298 2187 358 2240 Lib.
368 2193 562 2240 ancfflarmeno·
642 2189 702 2241 881.
710 2191 831 2242 Plaudite.
843 2189 910 2242 C.G.
918 2189 961 2243 ch.
973 2211 1020 2241 vos
1027 2196 1118 2244 valete.

78 2264 176 2320 neSed
188 2268 215 2320 in
223 2267 242 2320 l.
251 2267 342 2320 Bemb.
355 2265 448 2320 vnbic
457 2263 560 2329 ,11an
605 2267 657 2320 Pro
665 2269 764 2340 quibua
773 2267 931 2322 dictionibus
941 2270 1005 2322 Bru.
1017 2270 1047 2323 C.
1057 2289 1080 2324 e.
1091 2283 1120 2324 et

78 2344 112 2405 rit,
124 2363 231 2416 perrone
246 2345 382 2417 Pamphili
395 2343 561 2402 attribuitur,
606 2348 635 2401 C.
651 2347 685 2400 G.
700 2365 735 2399 m.
750 2347 875 2400 exhibent
888 2349 992 2419 rignum
1007 2350 1116 2403 n.-·C.

78 2423 112 2475 ubi
118 2425 187 2478 etiam
194 2431 314 2477 Parmeno
321 2425 428 2496 legitur,
436 2443 491 2477 non
498 2427 561 2474 rar·
606 2425 640 2481 G.
653 2444 690 2478 m.
700 2426 729 2478 in
740 2426 877 2490 extremis,
889 2431 1018 2494 Calliopius
1031 2447 1117 2479 recen·

78 2523 225 2558 moem-
233 2512 310 2558 Proet.
319 2505 433 2558 omittat.
445 2503 502 2559 Sibi
511 2505 564 2577 ipei
606 2506 653 2557 sui.
664 2504 751 2577 Supra
768 2506 857 2577 script.
870 2509 979 2560 recitavi.
994 2537 1028 2548 -
1037 2510 1115 2558 Plac-

77 2580 117 2636 boc
125 2583 193 2652 dicit,
204 2605 278 2641 more
292 2601 439 2642 servornm.
447 2613 483 2626 —
492 2587 565 2650 Quod
607 2587 666 2636 dice.
677 2583 804 2638 Plausum
816 2583 964 2640 dateVide
975 2583 1057 2638 Andr.
1068 2585 1114 2638 lin.
