3064 5180
390 561 457 608 100
618 481 794 604 rurum
817 534 1071 604 Tuusrrm
1097 535 1219 602 Arm

384 668 523 762 Dempsi
536 680 660 734 metum
678 690 810 736 omnem
826 689 834 733 τ
850 666 922 736 haec
936 691 1031 761 mage
1049 667 1290 736 suntlrominis.
1300 668 1367 734 Du.
1381 667 1450 735 Ce-

490 827 493 836 .
542 787 667 860 lerum,
1412 797 1452 849 ‚to

382 879 495 950 Placet
512 880 572 948 tibi
588 878 729 975 factum,
743 875 873 946 Micio?
890 879 973 946 Mic.
991 878 1085 961 Non,
1103 880 1129 946 si
1144 903 1262 972 queem

284 973 288 982 ’
384 989 539 1074 Mutare3
563 1009 669 1068 nunc,
685 1009 788 1076 quum
810 1006 877 1051 non
897 1007 1000 1076 queo,
1022 985 1132 1052 animo
1150 1009 1244 1078 aequo
1259 985 1341 1053 fero.

382 1095 434 1162 Ita
452 1094 519 1162 vita
534 1094 574 1160 'st
595 1090 789 1175 hominum,'
806 1090 898 1182 quasi
913 1114 1016 1182 quum
1036 1089 1129 1159 ludas
1147 1092 1287 1161 tesseris.

382 1201 417 1268 Si
437 1197 537 1284 illud,
558 1196 647 1291 quod
662 1217 816 1290 maxume
833 1219 918 1288 opus
935 1209 985 1263 est
995 1197 1104 1289 jactu,
1126 1221 1193 1265 non
1212 1195 1322 1282 cadit3

378 1303 467 1373 Illud
489 1303 578 1398 quod
600 1301 718 1370 cecidit
739 1301 844 1388 sorte,
863 1300 896 1368 id
910 1315 981 1369 arte
999 1316 1037 1369 ut
1052 1304 1207 1397 corrigas.
1410 1324 1448 1378 ‚as

381 1413 446 1480 Du.
467 1403 660 1479 Corrector!
682 1431 802 1500 nempe
820 1421 877 1474 tua
894 1421 965 1474 arte
986 1409 1102 1502 viginti
1120 1411 1218 1478 minae

378 1519 445 1586 Pro
463 1515 598 1610 psaltria
617 1514 761 1609 periere,
779 1537 868 1606 quae,
887 1527 1048 1606 quantum
1065 1528 1191 1608 potest,

378 1621 499 1717 Aliquo
517 1619 700 1715 abjicienda
722 1634 793 1701 est3
813 1620 839 1687 si
862 1642 928 1686 non
944 1621 1072 1712 pretio,
1098 1623 1217 1714 gratiis.

376 1730 460 1798 Mic.
482 1731 596 1821 Neque
609 1740 676 1809 est,
698 1745 805 1818 neque
823 1723 912 1800 illam
931 1749 1009 1794 sane
1027 1725 1144 1795 studeo
1164 1725 1318 1796 vendere.

378 1837 443 1904 Du.
466 1833 556 1923 Quid
574 1831 628 1902 ills
644 1833 745 1926 igitur
760 1821 979 1902 saciaserc.
994 1833 1095 1900 Domi
1110 1834 1180 1902 erit
1191 1835 1257 1902 Du.
1275 1833 1364 1902 Proh
1384 1834 1442 1902 Di·

319 1945 322 1954 ’
536 1963 615 2008 vum
633 1937 731 2007 fidem
749 1943 756 2002 l
1405 1962 1444 2014 ⁷⁵⁰

411 2159 470 2221 740.
484 2154 591 2218 Dempsr'.
602 2151 660 2203 Par.
679 2151 729 2203 Ma.
739 2152 888 2218 depressi.-
967 2151 1027 2218 745.
1042 2155 1076 2202 Id
1089 2166 1142 2202 orte
1159 2165 1187 2202 ut
1205 2153 1291 2219 corrig.
1311 2149 1392 2202 Both.
1409 2151 1445 2200 ad

377 2235 459 2298 Mage.
476 2229 518 2282 lta
535 2229 612 2281 Beut.
634 2228 675 2281 ed.
695 2229 794 2300 ubique
815 2227 888 2280 loco·
931 2245 1008 2280 artem
1017 2245 1044 2280 ut
1053 2235 1139 2299 corrig.
1151 2262 1186 2272 —
1197 2221 1282 2293 ione,
1292 2245 1358 2290 arte,
1372 2227 1441 2282 dicta

375 2328 445 2374 rum,
454 2311 733 2379 promagise-Dempsi
739 2323 827 2360 merum
837 2327 888 2358 om·
931 2326 980 2381 per
991 2309 1195 2380 oppositionem.

377 2409 442 2443 uem.
456 2389 569 2441 Omuem
582 2387 683 2440 timoris
704 2405 809 2439 cauum
828 2385 889 2439 ade·
968 2394 1027 2458 746.
1045 2394 1178 2442 eorroeror.
1193 2389 1274 2441 initio
1291 2387 1443 2452 virulenta,

376 2468 414 2520 mi
428 2466 505 2519 matri
525 2479 552 2518 et
574 2466 678 2536 virgini.
690 2496 725 2506 -
742 2471 800 2516 Herc
818 2483 890 2534 muge
931 2467 994 2538 quia
1008 2467 1090 2532 dixit,
1105 2479 1161 2520 arte
1173 2480 1203 2520 ut
1218 2471 1338 2536 corrigas.
1348 2472 1442 2517 -ttm

375 2562 432 2599 sunt
443 2549 555 2598 lammis.
573 2545 645 2597 Beue
661 2544 755 2618 repetit
768 2548 887 2608 hominu,
932 2561 1004 2610 arte,
1025 2549 1109 2619 pergit
1130 2546 1276 2600 irridendo.
1294 2577 1328 2588 -
1351 2548 1443 2616 Viginti

376 2624 449 2696 quod
463 2629 562 2680 Demea
578 2623 689 2687 dixerat,
704 2637 742 2676 ts.
756 2625 825 2694 7373
841 2621 888 2677 sed
932 2628 1018 2686 mina,
1032 2627 1114 2679 scilic.
1127 2627 1219 2699 quanti
1231 2637 1331 2680 emerat
1340 2625 1442 2679 AEeclri·

374 2702 473 2776 liquet,
486 2723 541 2776 quo
553 2721 629 2756 sensu
642 2703 761 2774 accipiat.
772 2705 805 2755 Et
813 2721 887 2755 revo-
931 2723 982 2756 nus
996 2705 1144 2776 psaltriam,
1158 2717 1249 2778 paratu
1261 2705 1383 2759 Micioni·
1396 2723 1439 2776 pe·

375 2793 451 2836 eatur
469 2783 557 2835 auimo
577 2781 758 2856 pulcherrima
776 2801 836 2852 quie
850 2791 889 2834 est
931 2784 1017 2838 cunia.
1029 2783 1070 2836 Cf.
1084 2800 1156 2860 supr.
1171 2786 1229 2854 370.

373 2861 402 2915 in
423 2861 723 2915 Heautontimorumeno
743 2861 888 2926 sententia,
967 2872 1028 2934 747.
1053 2871 1177 2932 Quantum
1193 2877 1288 2934 potest,
1309 2874 1440 2935 qrnutum

375 2961 415 2996 vs.
434 2961 476 3012 77,
492 2941 544 2994 vol.
560 2943 588 3008 1,
606 2959 664 3013 prg.
681 2941 733 2994 3²0
751 2960 757 2992 :
778 2965 789 2986 ι
800 2940 888 2992 Homo
931 2943 1027 3014 poterit
1038 2943 1103 2996 lieri.

375 3039 451 3075 sum:
466 3021 575 3072 humani
593 3019 660 3072 nihil
677 3037 692 3072 a
715 3037 757 3072 me
769 3019 887 3072 alienum
968 3027 1027 3087 748.
1043 3026 1144 3074 Gratiis.
1159 3023 1217 3076 Lib.
1231 3022 1312 3094 antiq.
1330 3035 1359 3072 at
1372 3035 1439 3089 prat.

375 3113 469 3174 puto·
487 3107 494 3120 '
932 3101 996 3155 ldae.
1010 3102 1073 3154 Pall.
1091 3107 1137 3154 oet
1148 3118 1213 3171 prat.
1231 3101 1283 3155 Alii
1301 3102 1388 3169 gratis.
1406 3129 1440 3141 -

411 3186 472 3250 741.
484 3183 549 3230 Non.
562 3177 644 3250 Supp.
655 3178 780 3250 placeret.
932 3183 1095 3251 Abjr'cr'enda.
1121 3180 1250 3254 abigenda
1275 3181 1324 3234 rili
1348 3179 1444 3251 quovis

412 3266 472 3330 7⁴²·
483 3263 540 3310 Non
554 3277 626 3324 queo.
641 3257 690 3311 lta.
700 3255 776 3328 quid.
785 3277 888 3325 nequeo.
931 3261 1024 3331 pretio.
1043 3261 1169 3314 Nondum
1185 3262 1235 3315 scit
1247 3263 1360 3322 Demea,
1374 3259 1442 3312 ami·

413 3339 473 3409 743.
490 3342 568 3405 Quasi
581 3357 665 3405 quum.
680 3337 756 3389 Beut.
772 3341 846 3404 quasi
858 3341 886 3388 si.
932 3357 992 3393 cem
1018 3340 1185 3412 Ctesiphontis
1215 3339 1263 3392 lilii
1289 3358 1345 3393 esee
1372 3339 1443 3392 hauc

377 3449 413 3459 -
424 3423 464 3468 lta
477 3419 532 3468 vira
547 3417 577 3468 'ss
587 3419 680 3470 homin.
702 3429 751 3469 etc.
770 3416 834 3469 Plat.
855 3417 890 3470 de
932 3419 1077 3491 psaltriam.
1090 3451 1125 3461 -
1139 3422 1246 3484 Gratiis,
1259 3437 1314 3471 nou
1335 3430 1441 3490 accepta

379 3501 446 3568 nep.
464 3495 507 3549 X:
523 3497 602 3566 ὦσπιρ
617 3494 890 3567 ἱνπτώσιικὺῧωνπρὸς
932 3517 1024 3552 rursus
1037 3499 1158 3570 pecunia.

379 3577 411 3630 rii
422 3578 570 3629 πιπτωκότα
579 3577 679 3629 ridiclei
692 3574 723 3629 rit
735 3578 890 3649 αὑτοῦπράγ-
969 3585 1030 3648 749.
1044 3584 1131 3646 Neque
1142 3592 1186 3630 est.
1202 3576 1321 3632 subaudi
1335 3596 1368 3630 ex
1381 3595 1440 3650 sup.

380 3675 456 3729 ματα.
479 3656 578 3708 Pariter
592 3655 645 3708 hac
665 3656 752 3727 ligura
768 3656 809 3709 usi
827 3671 890 3709 suut
933 3676 1022 3721 versu,
1035 3660 1184 3726 abjicienda.
1198 3687 1233 3696 —
1243 3656 1378 3720 samin
1389 3655 1444 3710 aui·

379 3735 466 3790 Alexis
475 3735 548 3808 apud
559 3735 701 3798 stobaeum,
712 3735 820 3788 Tzetzes
830 3735 890 3788 Chi·
932 3755 977 3790 mo
988 3737 1083 3790 habeo.

378 3815 443 3869 liud.
456 3815 495 3882 X,
506 3835 564 3888 cap.
575 3813 643 3879 ³4¹3
657 3816 779 3868 Ambros.
790 3813 825 3868 de
835 3815 889 3867 To·
968 3817 1027 3881 7⁵0.
1052 3819 1118 3883 Quid
1136 3818 1189 3868 itu.
1211 3815 1361 3868 Pronomeu
1376 3816 1421 3868 itta
1434 3853 1443 3877 ,

379 3893 745 3966 bia‚cap.1r;Plut.mpl
768 3895 887 3964 ιὺωμὶως·
932 3895 1005 3967 quod
1029 3895 1102 3967 vulg.
1126 3896 1217 3956 abest,
1241 3893 1394 3966 recepimus
1411 3913 1443 3946 ex
1524 3943 1528 3952 ,

377 3975 472 4047 liuida
483 3979 494 4029 ὁ
504 3977 607 4030 Πλάτων
623 3977 663 4028 τὸν
678 3976 728 4041 βίον
740 3975 887 4042 detheron,
930 3977 1007 4028 Beut.
1018 3988 1078 4046 post
1089 3973 1184 4028 Perlet.
1196 4005 1231 4016 -
1242 3977 1340 4028 ructas.
1349 3975 1389 4027 lta
1402 3993 1443 4028 ve·

377 4059 402 4109 ir
424 4048 442 4120 ᾧ
468 4056 508 4107 καὶ
538 4057 620 4120 βαλεῖν
638 4049 679 4108 dri
698 4055 731 4108 τὰ
747 4057 887 4126 πρόσφορα,
930 4067 991 4108 terr.
1013 4055 1060 4107 Be.
1085 4054 1164 4108 codd.
1187 4053 1272 4126 Vulg.
1289 4054 1385 4122 facies.
1408 4081 1443 4094 -·

376 4135 417 4186 itai
436 4135 545 4200 βαλόντα
564 4138 666 4204 χρῆσθαι
678 4141 758 4196 καλῶς
774 4137 825 4195 τοῖς
840 4155 886 4188 rra·
929 4137 1003 4187 Domi
1011 4137 1064 4187 err't.
1075 4133 1184 4187 Psaltrie
1195 4151 1298 4205 sequte
1306 4136 1363 4206 jam
1373 4133 1444 4188 intus

375 4219 452 4267 σοῠσι.
467 4213 574 4266 Fami.
930 4227 1038 4269 eatcum
1049 4213 1268 4284 CtesiphoneCl.
1283 4215 1343 4268 ass.
1356 4218 1443 4266 Portet.
