3016 5182
392 478 468 550 27⁰
610 452 795 520 PUBLII
822 451 1088 522 TERENTII
1116 453 1242 522 AFRI

387 590 465 659 Non
481 587 527 655 ita
540 597 591 654 est
604 609 610 651 :
625 583 751 654 factum
765 598 816 654 est
830 581 1010 678 periclum,
1025 584 1094 678 jam
1107 583 1232 680 pedum
1242 585 1311 654 visa
1326 587 1368 654 'st
1379 587 1434 655 via.

386 696 482 783 Quot
492 717 546 762 me
558 715 675 762 censes
681 692 834 764 homines
842 691 911 785 jam
918 690 1154 762 deverberasse
1163 717 1268 788 usque
1275 691 1319 761 ad
1332 715 1452 780 necem,

386 803 558 896 Hospites‚
573 814 646 869 tum
660 798 847 893 civesi‘quo
858 799 963 894 magis
976 800 1070 888 novi,
1086 813 1180 870 tanto
1191 802 1322 894 saepius.

385 906 479 977 Cedo
494 906 592 993 dum,
606 901 664 975 en!
680 930 829 1002 unquam
843 905 1041 1000 injuriarum
1065 905 1186 978 audisti
1203 907 1286 977 mihi
1301 906 1452 1002 scriptam

545 1011 677 1082 dicam?

383 1123 427 1190 G.
447 1121 517 1211 Qui
530 1117 637 1190 istuc?
649 1121 738 1190 Puo.
748 1121 837 1210 Quia
851 1143 920 1189 non
931 1133 1002 1188 rete
1016 1121 1168 1216 accipitri
1179 1121 1340 1205 tenditur,
1354 1145 1452 1215 neque

544 1225 667 1311 milvo,
1419 1249 1453 1290 ³³0

383 1335 453 1424 Qui
472 1333 559 1403 male
574 1333 702 1404 faciunt
712 1331 808 1402 nobis
819 1360 829 1418 ;
841 1325 921 1420 illis,
941 1336 1000 1428 qui
1013 1332 1060 1404 nil
1073 1333 1219 1420 faciunt,
1234 1334 1391 1406 tenditur.

380 1442 471 1531 Quia
488 1443 576 1510 enim
594 1442 630 1510 in
649 1438 712 1510 illis
729 1439 857 1510 tructus
872 1455 939 1530 est3
954 1443 990 1512 in
1007 1443 1078 1513 istis
1095 1465 1199 1537 opera
1214 1440 1351 1513 luditur.

379 1547 462 1618 Aliis
473 1545 607 1618 aliunde
621 1561 673 1617 est
685 1545 865 1643 periclum,
882 1546 972 1618 unde
990 1547 1115 1646 aliquid
1129 1548 1246 1618 abradi
1262 1535 1394 1645 potest3

378 1743 437 1804 An,
452 1737 588 1811 numquid
601 1737 774 1810 proverbium
785 1755 802 1791 a
814 1737 895 1808 segit-
938 1740 1003 1790 Ms'lu'
1013 1741 1094 1807 script.
1109 1741 1158 1792 dic.
1176 1739 1300 1793 Scribere
1318 1738 1407 1794 diearn
1419 1747 1449 1812 (a

379 1820 452 1874 tariis
460 1827 618 1882 uatumest3
629 1816 703 1889 quod
713 1814 894 1870 immoderatae
938 1817 1097 1886 dice,dicre)
1110 1818 1191 1874 elicui
1205 1819 1320 1896 alicujus
1326 1819 1449 1883 criminis,

332 1920 333 1928 ¹
377 1901 537 1973 plerumque
559 1896 629 1953 vires
647 1894 809 1950 adducendo
828 1913 895 1949 eren
938 1898 1060 1951 estlitern
1069 1897 1147 1953 alieni
1159 1897 1316 1963 intendere,
1331 1919 1450 1954 accusare

377 1999 433 2032 non
456 1976 542 2031 telum
561 1976 690 2042 incitent,
713 1973 762 2028 sed
781 1992 894 2028 nervum
937 1975 973 2030 de
985 1976 1079 2050 aliquo
1099 1977 1229 2054 erimine:
1249 2005 1263 2026 α
1275 1998 1311 2032 an
1330 1981 1451 2036 audivisti

377 2056 576 2130 rumpantldn
586 2075 619 2109 ex
628 2073 670 2120 eo,
681 2053 754 2127 quod
765 2072 834 2126 supe
843 2054 894 2106 lor·
937 2057 1020 2110 mein
1033 2062 1077 2132 jus
1090 2059 1237 2133 aliquando
1250 2073 1378 2116 vocatum
1388 2063 1449 2116 tuis·

380 2152 433 2192 trus
446 2137 700 2201 lerientes,nervum
715 2132 768 2186 sibi
777 2132 894 2205 aliquem
935 2155 981 2202 se,
992 2138 1067 2210 quod
1079 2128 1205 2211 injurium
1214 2141 1295 2194 alicui
1306 2142 1447 2196 fecissem.»

280 2239 290 2262 ι
376 2211 893 2286 ludant?Ergoiortitudineniminsaepe
973 2219 1314 2294 330‚M190.Bip.uilu0.
1337 2223 1448 2288 -Qm',

376 2296 466 2362 Vinci,
477 2312 547 2366 lsspe
558 2291 649 2366 decipi
661 2291 779 2362 conligit.
790 2297 855 2343 Don.
936 2317 992 2370 quo
1007 2310 1096 2371 pacto,
1110 2315 1147 2340 ..t
1160 2303 1228 2368 Quia
1251 2320 1303 2354 non
1324 2315 1389 2364 mo,
1402 2312 1448 2354 etc,

413 2377 474 2429 326.
491 2379 518 2427 F.
531 2388 569 2425 est
582 2393 639 2441 per.
653 2383 703 2425 etc.
721 2371 893 2442 Distinguunt
936 2378 1006 2445 Quis
1016 2397 1072 2433 non
1084 2379 1150 2434 retis
1164 2379 1314 2434 tenduntur
1325 2380 1412 2435 milvii
1424 2393 1448 2433 et

376 2476 431 2510 nou
450 2453 535 2521 nulli,
547 2455 616 2522 fact.
631 2467 666 2504 est
674 2471 731 2520 per.
743 2454 769 2520 j.
776 2454 891 2520 pedum
935 2457 1108 2530 accipiuibug
1124 2459 1172 2532 qui
1189 2459 1267 2514 nobis
1285 2473 1398 2521 nocem,
1419 2479 1447 2514 ἃς

374 2549 432 2616 nisa
439 2543 473 2596 ’st
481 2545 537 2608 via,
548 2539 707 2594 inconsulte.
715 2536 891 2608 lungendum
934 2552 997 2593 sunt
1013 2557 1075 2594 eres
1089 2559 1218 2612 rapaces,
1232 2540 1280 2596 sed
1292 2542 1345 2596 illis
1358 2541 1448 2594 aribus

374 2636 414 2679 est
426 2627 519 2692 pedum
532 2624 587 2674 nia.
597 2646 629 2654 —
637 2625 709 2672 Faet.
719 2635 755 2671 est
763 2621 889 2688 periclum.
934 2619 1066 2690 quanihil
1075 2621 1152 2676 nobis
1163 2620 1267 2674 faciunt
1276 2620 1356 2674 mali:
1370 2621 1396 2672 in
1407 2620 1446 2672 his

374 2704 433 2758 Alia
447 2700 541 2756 similia
561 2717 621 2754 sum
630 2699 689 2771 jam
709 2711 842 2771 expertus.
854 2729 890 2740 -
934 2699 1006 2757 enirn
1022 2699 1159 2772 capiendis
1173 2713 1213 2752 est
1226 2699 1342 2762 fruente,
1354 2701 1382 2754 id
1392 2713 1445 2767 est,

374 2791 433 2835 Iam
436 2783 497 2851 ped.
510 2783 608 2833 visa'st
619 2781 675 2832 via.
692 2779 753 2831 darn
764 2777 889 2851 prospexi
933 2777 1035 2834 utilitas
1044 2779 1147 2852 uliquis,
1160 2797 1250 2852 opertu
1263 2781 1393 2851 pretium,
1402 2781 1447 2834 sed

374 2881 434 2936 quas
447 2856 699 2914 viuineuudemihi
713 2856 760 2924 sit,
778 2857 825 2911 uhi
842 2875 888 2928 po-
933 2859 962 2910 in
977 2860 1061 2914 milvo
1077 2871 1104 2912 et
1121 2859 1180 2912 aliis
1199 2858 1229 2912 id
1253 2877 1337 2930 gerum
1356 2860 1448 2914 avibus

373 2940 462 2998 nenda
475 2937 644 3009 sintsingnle
657 2936 889 3008 witigis-Atti·
933 2939 1069 3011 capiendis
1096 2957 1178 3010 opere
1200 2950 1226 2992 et
1248 2939 1326 2993 labor
1350 2939 1448 2995 frustra

372 3027 417 3076 via
430 3023 537 3089 pedum,
550 3035 599 3087 pro
618 3021 727 3086 vestigia
734 3019 842 3086 pedum,
858 3029 888 3070 ut
932 3019 1058 3091 ponitnr;
1080 3038 1137 3073 non
1163 3019 1235 3072 enim
1254 3033 1369 3089 prosunt
1392 3020 1446 3074 isto

372 3103 405 3158 sit
422 3098 540 3170 metaph.
554 3115 571 3150 ι
588 3095 767 3153 venatoribus
932 3117 995 3154 ures
1009 3098 1043 3154 ed
1061 3099 1161 3167 edum,
1179 3109 1205 3151 et
1219 3099 1280 3170 capi
1297 3099 1377 3154 facile
1396 3119 1447 3154 ne·

410 3181 783 3250 327.Meltom.deverberasse.
794 3175 887 3230 Homi-
931 3191 1041 3251 queunt.
1050 3187 1106 3232 Ino.
1494 3241 1498 3246 Ι

372 3282 444 3318 nese
457 3278 500 3312 me
509 3258 696 3312 deverberatos
708 3255 798 3310 luisse.
967 3257 1029 3311 331.
1038 3262 1101 3321 Illis,
1110 3259 1155 3326 qui
1166 3259 1261 3326 nilsac.
1272 3270 1323 3311 etc.
1338 3258 1448 3330 Capitur

409 3341 471 3395 328.
480 3344 535 3406 Quo
541 3356 681 3406 magnam,
693 3352 818 3404 tantsaep.
828 3335 886 3388 Pal·
931 3354 1022 3392 sensus
1036 3336 1108 3390 idem
1120 3337 1246 3392 Juvenal.
1255 3337 1293 3398 ΙΙ,
1304 3337 1337 3391 63
1350 3357 1357 3392 :
1374 3343 1447 3394 «Dat

371 3421 542 3475 meminrert.
554 3437 603 3486 quo
614 3419 713 3487 sapius,
724 3433 743 3470 t.
754 3436 809 3469 nov.
819 3435 885 3484 mag.
930 3418 1035 3470 venium
1053 3415 1156 3479 corvis,
1175 3429 1254 3468 vexat
1271 3433 1382 3470 censura
1400 3436 1446 3472 eo·

372 3508 465 3570 ..Quo
474 3501 554 3567 magis
562 3516 617 3550 nov.
628 3511 646 3550 t.
659 3517 715 3566 sap.
726 3497 787 3561 Quo
797 3495 886 3548 notior
929 3496 1062 3550 lumbus.»

370 3585 431 3648 via,
449 3591 524 3634 tento
546 3579 638 3650 plures
659 3575 779 3648 quotidie
792 3573 884 3646 perdo.
965 3576 1026 3629 332.
1040 3579 1102 3628 Istis.
1110 3575 1177 3628 Var.
1188 3579 1225 3630 tis
1231 3598 1243 3636 ,·
1261 3580 1319 3630 illis.

372 3662 424 3714 vet
437 3657 565 3729 intellige,
576 3666 606 3709 ut
618 3656 675 3710 vult
690 3655 823 3720 Pertetus,
837 3673 884 3725 pa·
966 3656 1028 3709 333.
1040 3659 1102 3708 Aliis
1116 3660 1150 3707 al.
1161 3667 1211 3710 ete.
1225 3655 1258 3709 Id
1274 3668 1324 3718 est,
1333 3655 1446 3708 humini-

369 3743 481 3798 rusitum
493 3737 527 3791 de
536 3735 639 3807 flagitiis
648 3735 814 3807 gloriantem,
823 3753 884 3805 gre·
929 3735 979 3788 bus
991 3735 1059 3788 milri
1076 3734 1261 3799 dissimilibus,
1281 3754 1336 3788 non
1358 3751 1444 3786 unum

369 3821 478 3876 datione
486 3816 542 3872 uti:
557 3816 721 3888 peregrinos,
731 3815 882 3888 populatus,
929 3815 1079 3888 periculum
1098 3815 1224 3878 assertum
1243 3833 1340 3887 nempe
1356 3813 1447 3866 diriti-

370 3903 449 3958 etiam
463 3897 624 3954 notissimos.
927 3897 989 3960 bus,
1003 3895 1100 3968 quibus
1110 3907 1149 3949 est
1165 3895 1269 3967 aliquid
1283 3892 1355 3966 quud
1368 3893 1444 3946 sule

407 3983 469 4050 3²9·
482 3981 548 4035 codo
559 3980 627 4028 dum.
642 3973 766 4048 Agedum
779 4005 815 4016 -
824 3981 882 4027 En!
927 3988 1009 4030 ratur.
1021 3984 1075 4028 Jnv.
1085 3979 1238 4034 -Alr'nnde,
1252 3976 1332 4030 variis
1344 3973 1445 4033 celocis,

371 4079 480 4131 uinquam
498 4059 543 4125 inj.
562 4066 611 4108 etc.
626 4053 752 4110 vividius
772 4066 812 4108 est
825 4054 882 4110 heo
927 4056 991 4112 hine
1014 4069 1093 4129 atque
1111 4053 1192 4111 inde:
1219 4057 1290 4110 hunc
1303 4056 1371 4108 enim
1383 4053 1445 4105 rim

368 4161 417 4214 per
440 4135 674 4206 intemugationem
697 4134 826 4190 intulisse.
847 4169 882 4181 -ι
927 4135 1007 4190 habet
1018 4139 1142 4206 junctum
1151 4155 1213 4190 cum
1223 4155 1289 4190 voce
1302 4139 1364 4188 aliis.
1376 4133 1443 4185 Sic:
