3120 5178
403 549 451 594 no
625 523 807 590 PUBLII
834 523 1092 592 TERENTII
1121 524 1243 592 tntu

402 658 490 739 Siet,
512 653 591 749 quid
613 655 714 724 tristis
737 679 799 748 ego
820 653 1309 726 sirniM1.Dixin’hoefore?

403 762 494 851 Quid
513 758 612 830 fecit?
625 761 691 828 Da.
710 760 802 848 Quid
819 759 874 831 ille
891 760 1027 830 fecerit?
1046 763 1155 851 Quem
1178 787 1285 857 neque
1303 761 1407 857 pudet
1446 787 1471 827 ss

352 925 355 941 .
402 868 609 961 Quidquam,
626 891 689 935 nec
708 868 825 935 metuit
842 890 1060 962 quemquam,
1078 893 1141 938 nec
1161 867 1268 963 legem
1290 883 1387 963 putat

403 1077 570 1130 dissolutum.
581 1101 592 1121 ι
611 1076 645 1126 Ει
662 1075 715 1140 ubi,
731 1088 850 1129 sumetur
863 1095 914 1146 pro
958 1077 1015 1146 ptio
1035 1076 1203 1132 citharistria!
1214 1095 1247 1130 ex
1258 1075 1340 1132 domo
1356 1078 1474 1143 lenonis,

401 1177 487 1228 quum,
503 1159 634 1226 quoniumr
647 1172 693 1208 seu
708 1173 715 1207 :
733 1156 836 1226 dtogas
848 1154 915 1226 quid
960 1156 1068 1210 absalius
1077 1158 1242 1228 γοργότητος,
1253 1177 1309 1210 non
1322 1157 1378 1210 sine
1393 1175 1475 1229 expe-

401 1236 482 1290 tristis
497 1235 562 1302 dm,
576 1249 607 1288 tu
620 1231 683 1298 (ubi)
696 1234 768 1306 apud
782 1253 861 1306 quem
875 1235 914 1287 vi·
958 1234 1015 1288 dita
1030 1236 1180 1302 celeritate,
1192 1249 1338 1290 accusetur.
1353 1234 1430 1289 Fores
1441 1239 1477 1304 ef·

400 1319 440 1370 rit
451 1314 606 1380 AEschinus,
619 1313 690 1386 apud
700 1306 780 1386 quein
794 1332 914 1370 corrum-
953 1315 1190 1386 fragiasubjicitnr
1197 1317 1328 1370 accusatio
1338 1316 1420 1370 totius
1426 1336 1475 1388 po-

402 1394 499 1468 pitur'?
513 1419 525 1440 ι
543 1393 613 1457 Seu,
638 1407 669 1447 ut
690 1394 746 1447 rnlt
764 1395 915 1456 Bteelerus,
958 1394 1033 1466 puli,
1047 1407 1075 1448 et
1084 1413 1137 1450 roa
1150 1395 1227 1450 iamne
1237 1395 1435 1468 publica,qute
1445 1396 1475 1448 in

402 1471 568 1546 agnoscenda
593 1473 637 1526 bic
664 1487 703 1528 est
722 1473 824 1543 Ιλλιιψις
845 1473 915 1527 indi·
960 1475 1056 1529 talibus
1079 1475 1134 1528 vim
1168 1475 1328 1547 singularem
1361 1475 1474 1529 obtinet.

402 1555 493 1626 guanti
517 1552 663 1607 familiaris.
689 1553 772 1623 Rogas
798 1573 848 1618 me,
876 1554 916 1606 ubi
960 1556 1028 1608 Nam
1043 1555 1114 1608 actio
1134 1553 1168 1608 de
1183 1555 1211 1608 vi
1226 1555 1260 1609 ad
1279 1574 1371 1608 omnes
1389 1556 1476 1627 perti·

403 1636 470 1687 nobis
489 1632 625 1685 AEscliaus
641 1637 695 1686 sict.
716 1631 759 1686 Sc.
775 1631 804 1685 id
825 1651 915 1704 quaero
959 1646 1120 1706 uet:ueque
1131 1646 1185 1687 tam
1196 1634 1296 1706 figura,
1308 1653 1388 1706 quam
1403 1634 1474 1689 ratio

402 1711 542 1786 potius‚id
553 1724 583 1764 tn
592 1730 667 1765 nunc
679 1711 776 1766 asierre
784 1711 916 1779 debebas;
960 1726 1015 1779 est,
1025 1732 1086 1785 quat
1097 1713 1167 1767 inira
1178 1715 1278 1786 abipso
1286 1713 1421 1768 Sannione
1432 1715 1475 1767 in·

403 1806 430 1848 et
453 1794 492 1847 ita
515 1791 583 1844 nobis
610 1790 767 1846 abundaret.
794 1792 916 1845 Priorem
960 1790 1086 1857 ducitur,
1102 1806 1154 1847 act.
1170 1793 1213 1858 II,
1228 1813 1264 1848 sc.
1280 1812 1292 1846 1
1308 1812 1315 1848 :
1333 1793 1475 1847 «Obsecro

404 1885 513 1926 tuentur
522 1890 627 1924 sensum
641 1871 739 1943 Guyet.
750 1871 848 1926 Muret.
862 1872 917 1924 Do·
960 1873 1110 1944 popularet.
1122 1897 1133 1918 ι
1155 1870 1224 1926 Hinc
1238 1873 1316 1927 etiarn
1333 1885 1388 1940 est,
1401 1872 1476 1944 quod

404 1954 468 2004 nat.'
478 1953 494 2003 J
497 1970 542 2004 ur.
556 1951 624 2003 Perl.
641 1950 719 2003 Stant
735 1970 785 2022 pro
801 1949 917 2004 secundo
961 1951 1098 2023 quiritatio
1112 1951 1192 2022 pleno
1206 1965 1231 2005 et
1241 1952 1345 2022 optimo
1358 1955 1419 2024 jure
1433 1954 1476 2006 ni·

407 2031 491 2084 Faber
503 2042 530 2082 et
544 2030 680 2092 Dacieria3
696 2043 721 2082 et
735 2029 757 2083 is
769 2043 824 2095 est,
836 2048 917 2101 quem
961 2031 1049 2083 titur:
1066 2029 1194 2102 adquam
1210 2033 1310 2085 Demea
1323 2032 1369 2084 bic
1380 2031 1477 2085 alludit

405 2110 597 2182 protulerimus
613 2109 712 2180 priori,
727 2109 803 2180 quia,
821 2121 852 2163 ut
869 2107 917 2162 ad·
961 2109 1062 2163 efficaci
1086 2110 1170 2181 ligura
1182 2148 1190 2174 ,
1203 2111 1346 2165 «Clamant
1367 2129 1476 2177 omnes,

406 2202 481 2243 notat
502 2189 649 2254 Boeclerus,
671 2207 728 2241 non
752 2188 813 2242 satis
836 2189 918 2242 latine
961 2187 1477 2260 indignissimefactumcsse.·Sannioni

405 2269 538 2324 diceretur
550 2269 590 2320 ubi
600 2268 734 2322 AEscltiaus
745 2267 813 2320 nobis
823 2272 882 2330 siet,
899 2268 917 2320 i.
962 2267 1062 2322 scilicet
1071 2268 1212 2340 quiritanti
1222 2269 1478 2341 succlamanteadgi·

407 2369 430 2402 e.
450 2367 534 2419 quum
551 2348 711 2403 AEschinum
727 2347 871 2400 habeamus
886 2347 918 2399 fi·
962 2347 1188 2401 turadsummum
1198 2347 1407 2421 exaggerationis
1419 2349 1477 2403 bac

407 2430 483 2482 lium.
498 2429 575 2482 Certe
595 2427 747 2498 exemplum
764 2418 859 2492 (addit
878 2427 919 2479 vir
962 2425 1121 2498 procedunt.
1136 2427 1196 2492 Qua
1211 2440 1379 2498 comsumpta
1391 2421 1476 2500 (quod

407 2503 596 2570 doctissimus)
621 2507 716 2560 frustra
738 2505 873 2577 quesieris
890 2505 918 2558 in
962 2507 1047 2578 probe
1063 2505 1108 2558 bic
1126 2504 1305 2571 notandum),
1320 2507 1354 2561 ad
1372 2507 1477 2562 minora

408 2601 463 2641 tota
475 2586 650 2656 Antiquitate.
658 2584 710 2638 Sed
722 2585 853 2638 Boeclerus
863 2586 919 2656 ipse
963 2586 1065 2639 revolvi
1077 2603 1183 2640 neccsse
1197 2599 1254 2640 crat
1268 2589 1407 2641 Demeam.
1422 2587 1478 2640 Ne-

407 2663 920 2730 cuutominimeneceaariamvideun
963 2663 1478 2738 quealiterdebuitPoetarltssrauiiboc

407 2747 485 2799 nobis
499 2745 689 2816 imploravisse.
714 2796 715 2805 ,
962 2744 1090 2816 jurgium.
1111 2745 1271 2816 Exemplum
1294 2764 1358 2817 ergo
1374 2746 1477 2810 fratris,

450 2828 496 2888 84¹.
514 2825 583 2895 Quid
591 2828 652 2877 trist.
662 2843 707 2895 ego
719 2828 771 2877 sim.
779 2825 923 2896 both.quid
965 2825 998 2876 ab
1021 2825 1187 2878 accusatione
1206 2823 1239 2877 ad
1264 2822 1479 2878 emendationem

409 2925 454 2975 cgo
466 2909 512 2957 sim
529 2917 561 2957 tr.
571 2937 612 2948 --
623 2907 691 2956 Ante
705 2905 779 2977 quid,
794 2903 884 2957 Guett.
904 2903 919 2954 3
965 2903 1114 2975 degressus,
1130 2917 1281 2974 comparat,
1299 2904 1369 2975 μάλα
1390 2906 1481 2968 ataen-

411 2985 457 3038 dat
472 2988 554 3037 raca.
566 3015 606 3026 -
618 2985 707 3036 Dirut'
716 2985 829 3051 lrocsore.
837 2984 921 3036 Abest
966 2989 1051 3054 μικῶς.
1073 2984 1111 3034 Ut
1126 2985 1211 3055 major
1225 2984 1301 3038 fieret
1313 2986 1479 3056 puturbatio

412 3067 485 3118 lecca
505 3064 593 3118 Guelf.
611 3084 636 3117 a.
650 3087 690 3098 --
702 3065 788 3116 Dirin'
803 3065 847 3114 linc
855 3065 921 3130 sare.
966 3081 999 3115 ex
1013 3063 1183 3134 Ctesiphonis
1196 3081 1300 3126 amore,
1317 3081 1373 3135 quo
1391 3065 1479 3118 minus

412 3145 474 3196 llaec
485 3143 570 3196 -Micio
588 3162 729 3196 conversus
743 3142 776 3195 ad
791 3155 920 3214 spectato·
967 3140 1072 3214 aliquid
1091 3143 1143 3195 tale
1159 3143 1287 3214 auspicari
1310 3145 1409 3197 Demea
1429 3163 1479 3215 po·

411 3225 513 3277 res.Vs.
525 3242 574 3294 79,
586 3226 636 3276 80:
648 3223 802 3292 Credojam,
813 3223 920 3286 attolat,
965 3233 1061 3276 tuerat.
1082 3223 1203 3293 Denique
1225 3223 1258 3276 ab
1277 3223 1404 3276 AEscbiuo
1416 3263 1424 3288 ,
1449 3225 1478 3275 iri

407 3305 526 3375 jurgabt't.
542 3303 666 3372 -Quid
687 3303 727 3353 ille
734 3297 846 3371 sircaritt’
859 3302 920 3353 Sto·
964 3301 1040 3371 cujus
1063 3319 1161 3354 nomen
1185 3301 1316 3356 effuderat
1339 3302 1415 3354 illum
1436 3304 1480 3354 in·

413 3383 558 3437 machantis
569 3382 666 3436 aflectu
681 3399 688 3434 :
701 3395 732 3434 ut
742 3383 840 3452 rogitas
850 3385 921 3434 etiam
964 3380 1124 3451 dignationis
1149 3381 1302 3452 impetum,
1335 3381 1480 3435 Micionem

413 3464 472 3536 quid
484 3463 524 3515 ills
530 3465 638 3531 fecerit?
650 3462 684 3514 Et
696 3463 749 3532 jam
763 3479 817 3513 non
832 3463 921 3514 statim
966 3459 1118 3532 aggreditur
1135 3478 1141 3512 :
1161 3461 1244 3514 «Huc
1257 3481 1342 3532 quum
1357 3461 1411 3525 illi,
1426 3461 1479 3513 Mi-

412 3543 538 3597 describit
552 3543 666 3602 factum‚
683 3539 730 3594 sed
750 3542 867 3592 animuin
884 3541 922 3593 la·
967 3541 1025 3604 cio,
1042 3539 1119 3605 dico,
1134 3539 1183 3592 tibi
1203 3539 1280 3607 dico,
1294 3567 1305 3588 ι
1323 3552 1352 3592 ut
1371 3553 1481 3593 conten-

412 3625 505 3677 eieutis
523 3633 681 3692 corruptum
697 3619 829 3684 ostendit,
844 3633 923 3692 atque
966 3621 1033 3673 tioni
1045 3633 1072 3672 et
1084 3620 1237 3687 occasio,et
1250 3623 1293 3674 ria
1306 3633 1479 3691 quaereretur.

413 3723 428 3756 a
450 3701 553 3774 pudore
574 3693 639 3771 (qui
655 3700 778 3752 homines
798 3701 879 3770 regit,
897 3713 923 3753 et
967 3701 1098 3752 Boecleras.

413 3801 446 3834 ne
466 3781 653 3834 obliviscantur
671 3779 816 3833 honestatis
829 3778 922 3832 admo·
1008 3781 1054 3833 85.
1077 3780 1147 3848 Quid
1160 3774 1240 3842 fecit?
1256 3779 1397 3850 Complur.
1415 3779 1479 3832 Mas.

414 3859 487 3924 net),
502 3872 599 3914 ametu
617 3877 709 3912 eorum
726 3860 822 3930 quibus
834 3873 923 3913 aucto·
969 3863 1004 3921 is,
1027 3856 1101 3931 quod
1121 3858 1166 3910 Fa.
1191 3877 1223 3910 ex
1245 3859 1368 3911 auctorit.
1387 3858 1483 3912 Remb.

414 3944 525 3995 ritaaest
537 3935 580 4000 (ut
593 3939 747 4009 parentibus
761 3940 789 3992 iu
802 3936 922 4002 lilios)‚a
968 3938 1072 3991 delevit.
1088 3938 1155 3989 Perl.
1170 3969 1210 3980 -
1229 3939 1306 4008 Quam
1319 3957 1393 4008 aeque
1405 3938 1483 4006 pudet

415 4019 559 4074 reverentia
569 4019 657 4088 legum
666 4013 736 4089 (qum
747 4019 860 4072 civitatis
869 4039 925 4072 mo·
968 4018 1107 4089 quidquam·
1127 4019 1227 4070 Contra
1241 4017 1325 4082 illud,
1341 4023 1408 4086 647,
1425 4036 1482 4068 eru·

412 4120 453 4153 res
467 4096 600 4164 continet)
615 4097 748 4162 alienum,
759 4111 838 4169 atque
852 4099 923 4150 ultro
968 4098 1035 4160 buit,
1052 4098 1119 4148 sulec
1131 4117 1167 4148 res
1178 4110 1222 4148 est.

412 4181 550 4234 effrenum.
563 4179 601 4232 Ut
614 4180 794 4249 ipuabicrapcv
805 4196 869 4230 mox
881 4197 923 4231 ra·
1011 4180 1056 4231 86.
1069 4178 1122 4231 Nec
1133 4181 1224 4230 metuit.
1235 4175 1292 4228 Alii
1303 4195 1378 4247 aeque
1391 4182 1483 4230 metuit.
