3026 5184
364 527 434 598 250
594 531 775 600 PUBLII
799 526 1054 598 TERENTII
1078 526 1199 594 AFRI

362 661 428 732 Sed
443 660 616 756 epistolam
632 662 675 730 ab
692 687 734 730 eo
754 660 896 730 adlatam
919 685 990 730 esse
1008 656 1121 727 audiri
1139 656 1259 742 modo,

363 772 407 836 Et
422 767 465 836 ad
485 769 663 862 portitores
684 793 755 837 esse
771 766 938 836 delatam:
958 766 1046 833 hanc
1070 779 1192 858 petam.
1394 795 1430 830 r..

363 878 430 943 Da.
453 873 642 968 Numquid,
662 877 766 962 Geta,
781 873 872 942 aliud
887 897 940 944 me
955 869 1031 941 vis?
1047 873 1090 940 G.
1102 872 1152 940 Ut
1165 870 1250 938 bene
1266 870 1308 938 sit
1322 867 1388 938 tihi.

363 983 466 1066 Puer,
483 976 580 1050 heus!
596 979 728 1050 nemon'
743 981 809 1051 huc
822 977 956 1076 prodit?
976 1001 1074 1072 cape,
1098 976 1141 1046 ds
1157 977 1224 1046 hoc
1245 976 1379 1046 Dorcio.

659 1170 856 1260 SCENA
889 1165 1135 1257 TERTIA.

631 1359 872 1430 aarirflo.
910 1357 1169 1432 ruffinam.

365 1529 404 1593 A.
413 1522 611 1592 Adeon'rem
621 1523 755 1610 redisse,
763 1520 864 1616 utqui
876 1521 922 1590 mi
930 1517 1261 1612 consultumoptume
1270 1516 1433 1602 volitasse,

366 1629 516 1698 Phaedria
524 1645 667 1724 ,patrem
675 1630 947 1716 utextimescam,
959 1627 1056 1696 uhiin
1064 1639 1209 1694 mentem
1220 1625 1291 1718 ejus
1302 1624 1434 1694 adventi

526 1735 642 1805 venit?

368 1842 471 1931 Quod
485 1843 520 1911 ni
538 1842 672 1911 fuissem
690 1841 893 1936 incogitans,
909 1842 956 1910 ita
972 1863 1050 1908 eam
1065 1851 1308 1933 exspectarem,
1324 1851 1363 1906 ut
1377 1861 1435 1933 par

530 1947 603 2017 fuit.

368 2057 461 2134 Pam.
472 2054 563 2144 Quid
576 2053 684 2124 istuc?
695 2056 733 2122 Α.
750 2051 908 2147 Rogitas?
919 2053 976 2146 qui
989 2065 1057 2122 tam
1073 2049 1208 2136 audacis
1222 2049 1378 2120 facinoris
1391 2050 1436 2118 ml

526 2163 679 2230 conscius
697 2157 768 2232 sis?
1401 2179 1437 2218 ss

404 2323 464 2380 ης.
477 2315 515 2364 At
527 2331 558 2364 eo
570 2314 690 2364 adame
702 2315 780 2374 Non,
795 2327 877 2380 quan
921 2321 947 2364 et
969 2313 1026 2373 eius
1045 2309 1095 2382 qui
1116 2318 1187 2362 amat
1206 2305 1389 2371 meretricem,
1412 2317 1438 2357 et

365 2391 496 2454 attulerit,
507 2391 554 2446 sed
568 2409 648 2463 quem
662 2391 786 2463 scriptam
800 2389 878 2444 mise·
922 2401 1044 2459 sumptus
1065 2407 1119 2442 noo
1131 2387 1221 2440 habet.
1232 2389 1360 2454 awapt.

365 2471 410 2524 rit.
423 2469 490 2524 Mire
503 2483 613 2543 paratus·
627 2471 779 2543 inopinatos
791 2469 878 2520 subito
959 2468 1133 2530 153.Adsoas,
1145 2481 1196 2522 etc.
1208 2467 1357 2520 Consmoes
1372 2484 1438 2520 eone

366 2548 494 2604 adventus
514 2550 603 2604 senis:
620 2551 757 2622 semipes
775 2548 878 2612 veniet,
922 2564 967 2600 me
982 2545 1119 2602 devenisse
1132 2545 1344 2608 infelicitatis‚·o
1362 2545 1437 2598 Phie-

366 2631 440 2701 cajus
453 2630 593 2701 epistolam
606 2641 702 2701 sperat.
716 2635 783 2682 Dos.
923 2625 999 2690 dria,
1023 2637 1053 2678 ut
1068 2626 1239 2680 extimescam
1266 2637 1367 2696 patrem
1391 2625 1439 2696 qui

402 2707 461 2762 1⁵0.
481 2713 606 2762 Dstmm.
622 2710 662 2762 st.
680 2713 769 2761 town.
782 2739 818 2749 -
837 2713 881 2760 Ad
922 2705 989 2758 mihi
1000 2705 1065 2760 velit
1077 2707 1179 2777 optime
1198 2704 1368 2768 consultum,
1382 2704 1402 2756 i.
1416 2723 1439 2756 e.

361 2791 501 2855 portitores.
513 2787 553 2840 Ad
566 2806 611 2842 sos
621 2787 706 2860 quiin
717 2798 879 2859 portassent.
921 2785 970 2857 qui
993 2802 1036 2836 me
1059 2785 1138 2838 unice
1163 2783 1275 2856 diligat,
1301 2794 1328 2835 et
1350 2785 1440 2835 omnia

365 2867 567 2921 Morsveterum
577 2867 695 2940 magistri
703 2867 879 2929 tributorum,
922 2864 989 2918 mihi
999 2865 1068 2918 bene
1081 2865 1189 2918 evenire
1203 2863 1301 2935 cupiet.

365 2944 393 2998 id
403 2957 456 3012 est,
469 2946 622 3018 publicani,
633 2962 742 3019 operam
755 2945 784 2998 in
798 2957 879 3017 portu
961 2941 1019 3009 154.
1032 2950 1177 3008 Portemus,
1189 2955 1239 2996 etc.
1250 2941 1303 2994 Alii
1313 2959 1366 2994 non
1376 2941 1439 2994 heb.

364 3025 481 3091 ciebant,
494 3025 692 3079 inserendarum
701 3042 791 3086 rerum
802 3037 828 3077 et
840 3024 880 3078 el·
922 3037 956 3074 ut.
970 3053 1005 3064 -
1018 3025 1132 3076 Adverti.
1144 3024 1195 3076 Ms.
1216 3022 1301 3075 Paris.
1311 3024 1440 3074 adversm.

365 3102 535 3156 ferendarum
556 3104 666 3176 vectigal
685 3103 827 3174 exigentes.
842 3105 875 3158 l).
923 3101 954 3156 C.
967 3102 1000 3158 G.
1015 3121 1051 3157 sa.
1070 3113 1195 3156 neumam
1212 3101 1310 3161 habet,
1327 3118 1377 3153 nee
1394 3103 1441 3150 ad·

364 3213 400 3224 -
410 3189 483 3234 Hane
490 3197 585 3250 paam.
599 3183 674 3236 Hanc
685 3183 798 3255 petitam
811 3199 851 3234 eo.
923 3184 1002 3244 vesti,
1016 3199 1066 3234 uec
1085 3185 1211 3235 adversm.
1230 3211 1267 3222 --
1283 3186 1314 3232 Is
1334 3193 1440 3232 mutem

402 3260 460 3315 151.
476 3264 514 3314 Sit
527 3264 577 3313 att.
591 3263 623 3316 C.
638 3263 671 3315 G.
685 3280 721 3316 m.
737 3264 780 3314 citi
791 3268 831 3313 sit.
842 3291 878 3302 --
922 3263 973 3330 ejru
981 3263 1082 3314 deeuti
1090 3264 1168 3314 venit.
1180 3259 1333 3332 Reponitur
1342 3261 1444 3309 adventi

365 3343 509 3408 Numquid,
526 3343 607 3403 Geta,
620 3352 669 3394 ete.
683 3337 814 3394 Formuls'
824 3339 878 3394 dis·
921 3341 1030 3411 antique
1040 3359 1089 3411 pro
1097 3345 1232 3401 adessem,-
1247 3350 1274 3392 et
1283 3337 1383 3392 dicitur
1394 3337 1443 3390 ali-

362 3417 496 3474 meionis.
509 3449 546 3460 -
561 3425 592 3470 Ut
608 3424 666 3472 besse
685 3422 717 3470 sit
736 3421 785 3472 tibi.
808 3419 876 3472 Fere
922 3419 1032 3491 quando
1055 3425 1125 3472 assuit
1142 3425 1168 3472 in
1191 3435 1296 3472 mentem
1320 3421 1370 3482 rei,
1390 3437 1442 3489 pm

363 3497 533 3563 omninoest,
545 3498 620 3569 qusai
633 3497 749 3551 diceret:
762 3499 840 3549 Nihil.
920 3501 990 3552 sienis
1008 3520 1052 3552 res·
1066 3504 1093 3550 io
1114 3513 1226 3552 meatem.
1245 3500 1303 3552 Cic.
1318 3498 1396 3550 Verr.
1412 3497 1444 3560 1,

339 3633 341 3638 ,
402 3576 460 3630 152.
479 3579 551 3644 cape.
572 3578 633 3630 Hac
646 3579 712 3632 Geta
733 3575 876 3648 prodeunti
923 3596 970 3650 17:
989 3581 1051 3632 «sac
1069 3578 1116 3630 tibi
1136 3591 1254 3651 paterne
1271 3577 1338 3648 legis
1349 3575 1442 3628 Acilise

363 3653 473 3724 eandem
493 3673 571 3710 servo
585 3655 709 3727 cuipiam.
724 3685 760 3696 -
773 3661 814 3708 Da
829 3659 875 3707 hoc
920 3658 1008 3711 veniat
1019 3659 1049 3712 in
1062 3671 1189 3712 mentem.
1202 3683 1214 3704 ι

363 3737 461 3786 Dorcio.
472 3735 589 3806 Apparet
599 3733 668 3788 hanc
677 3733 805 3788 Dorcium
814 3752 877 3788 coa·
958 3737 1016 3792 155.
1053 3741 1204 3808 Incogitaas.
1244 3735 1440 3792 Temerarius.

360 3832 464 3866 servam
477 3825 503 3866 et
516 3831 623 3868 uxorem
637 3812 709 3866 Getes
722 3831 797 3879 esse3
811 3833 877 3885 ergo
920 3833 1048 3888 praeceps.
1060 3847 1096 3858 -
1114 3822 1146 3868 Ue
1161 3816 1285 3884 parsuli,
1301 3826 1407 3886 patrem
1427 3832 1443 3866 a

360 3891 409 3954 ,dat
423 3892 459 3945 illi
473 3891 616 3964 pecuniam
627 3891 791 3946 servandam.
921 3895 994 3949 bono
1005 3897 1059 3950 filio
1071 3897 1229 3968 exspectari.

399 3973 442 4026 So.
460 3990 504 4026 111.
519 3971 676 4024 Hecsceos
693 3972 752 4026 ritse
768 3989 876 4043 compa·
960 3971 1444 4044 156.Quidissnc?Vulgoadditusess.

363 4052 494 4106 rationem
509 4063 582 4105 tenet
597 4045 757 4122 Antiphonia
771 4063 796 4104 et
808 4051 879 4106 Plate-
922 4083 958 4094 -
977 4057 1044 4121 Quid
1062 4057 1144 4106 istoc!²
1159 4056 1317 4120 «Quorsum
1340 4053 1392 4104 hoc
1413 4063 1442 4101 tu

362 4129 444 4183 drie:
465 4129 584 4203 ejusqui
605 4148 715 4184 uxorem
725 4129 818 4192 duxit,
835 4135 880 4184 ab·
922 4131 1035 4185 dirisi»
1063 4133 1126 4188 Hesc
1149 4131 1322 4202 interrogatio
1346 4143 1444 4184 stoma·

361 4221 436 4266 sente
458 4221 546 4281 patre,
561 4229 617 4264 esm
641 4228 722 4282 quam
736 4211 877 4289 diligebat,
923 4210 1001 4266 cbosa
1015 4223 1062 4264 est.
