3064 5180
330 597 332 607 ,
403 549 474 622 172
626 523 1234 594 ruanllrnauurrrarar

397 661 484 726 Nam
496 655 553 752 qui
563 670 668 744 amat,
686 658 739 726 cui
757 655 835 726 odio
848 657 939 750 ipsus
952 671 1017 746 est,
1030 656 1081 728 his
1094 656 1203 728 iacere
1219 653 1318 727 stulte
1332 654 1436 727 duco.

400 764 567 834 Laborem
583 763 715 832 inanem
733 765 824 856 ipsus
842 765 948 857 capit,
966 777 1000 832 et
1017 762 1064 833 illi
1080 764 1264 834 molestiam
1276 761 1397 832 adfert.

398 875 484 939 Tum
500 869 587 938 filius
598 885 675 938 tuus
686 870 813 938 introiit
824 869 959 956 videre,
977 884 1015 939 ut
1029 871 1137 952 venit,
1152 870 1233 966 quid
1244 883 1333 964 agat.
1434 895 1472 940 aa

396 978 452 1048 So.
475 975 567 1065 Quid
584 975 654 1070 ais?
673 999 716 1044 an
735 977 827 1044 venit
844 975 1059 1071 Pamphilus?
1075 979 1162 1048 Pau.
1182 973 1294 1048 Ve'nit.
1323 977 1384 1046 So.
1409 974 1473 1045 Dis

554 1083 694 1176 gratiam
713 1081 830 1151 habeo.
1480 1135 1489 1188 5

396 1191 502 1274 Hem,
525 1188 609 1257 istoc
635 1187 740 1258 uerbo
768 1189 898 1258 animus
920 1188 966 1257 mi
991 1188 1105 1278 rediit,
1132 1202 1167 1258 et
1195 1213 1276 1260 cura
1302 1213 1346 1258 ex
1368 1187 1473 1258 corde

558 1296 708 1366 excessit.

397 1402 482 1470 Pan.
503 1403 579 1470 Jam
598 1425 637 1470 ea
649 1401 690 1470 de
703 1426 803 1472 causa
817 1424 972 1470 maxume
986 1425 1076 1471 nunc
1091 1402 1159 1471 huc
1170 1401 1307 1472 introire
1322 1399 1418 1471 nolo.

398 1510 484 1574 Nam
497 1509 524 1576 si
536 1509 707 1578 remittent
719 1509 889 1604 quippiam
902 1505 1133 1578 Philumenam
1153 1506 1300 1597 dolorm,

394 1615 538 1682 Omnem
553 1639 623 1683 rem
640 1615 806 1697 narrabit,
821 1615 905 1695 scio,
927 1615 1086 1684 continuo
1101 1611 1171 1684 sola
1190 1612 1270 1702 soli,
1434 1638 1474 1680 au

341 1789 343 1794 .
396 1721 481 1809 Quae
501 1722 666 1790 intervos
686 1722 883 1805 intervenit,
901 1719 990 1790 unde
1005 1735 1115 1792 ortum
1131 1735 1181 1791 est
1192 1722 1323 1792 initium
1338 1720 1409 1790 irae.

396 1830 506 1923 Atque
521 1851 638 1896 eccum
653 1827 753 1898 video
771 1829 881 1924 ipsum
902 1827 1032 1922 egredi:
1046 1851 1146 1922 quam
1165 1828 1265 1897 tristis
1282 1822 1347 1896 esti
1363 1829 1425 1899 So.
1442 1831 1473 1898 0

558 1936 603 2002 mi
618 1931 736 2030 gnate!

396 2033 489 2110 Pau.
498 2041 575 2109 Mea
588 2056 704 2129 mater,
714 2038 815 2111 salve.
829 2042 886 2111 So.
899 2039 1039 2110 Gaudeo
1048 2041 1177 2111 venisse
1188 2038 1335 2110 salvum:
1346 2039 1473 2110 salvau’

397 2135 593 2217 Philumena
608 2146 680 2217 est?
697 2150 791 2218 Pam.
809 2145 1005 2217 Meliuscula
1016 2161 1075 2218 est.
1092 2149 1151 2218 So.
1165 2147 1303 2216 Utinam
1325 2150 1416 2218 istuc
1430 2148 1474 2217 ita

555 2254 601 2324 Di
613 2249 735 2324 faxint!

397 2357 488 2445 Quid
498 2373 535 2427 tu
543 2359 835 2454 igiturlacrumas?
845 2374 904 2430 aut
912 2358 992 2457 quid
1000 2359 1474 2446 estamtristislPan.Recte,

549 2481 672 2536 mater.
1437 2490 1474 2530 us

396 2569 452 2640 So.
463 2572 554 2660 Quid
568 2573 631 2643 init
645 2571 799 2644 tumulti?
812 2572 865 2644 dic
880 2573 978 2664 mihi,
989 2599 1032 2644 an
1047 2573 1144 2646 dolor
1156 2589 1291 2670 repente
1304 2571 1454 2643 invasit?

397 2753 465 2806 Perl.
475 2769 529 2804 non
538 2751 603 2804 satis
611 2748 791 2823 videmusque
800 2751 911 2804 ratione.
955 2753 1067 2806 verbum
1079 2764 1255 2807 neutrum-
1263 2754 1475 2821 unamqua-

398 2838 502 2885 -Nan
523 2843 563 2883 est
583 2843 612 2883 ut
636 2835 711 2886 visan
735 2832 912 2905 interroganti
949 2835 1029 2901 piam
1042 2833 1182 2903 Respicere
1195 2831 1306 2884 sinent..

403 2911 558 2984 respondet,
567 2923 643 2965 utens
655 2912 750 2966 eodem
765 2926 893 2984 tempore.
991 2909 1050 2964 350.
1070 2917 1172 2962 Omnem
1193 2929 1244 2962 nm
1271 2912 1399 2962 nambit.
1425 2909 1475 2963 Illa

436 2992 496 3055 343.
510 2995 587 3043 Duco.
598 2991 628 3046 C.
643 2991 678 3044 G.
693 3009 729 3044 m.
743 3003 769 3043 et
779 2991 844 3044 Pali.
858 3003 910 3044 tres
955 2989 1070 3042 narrabit
1078 3001 1172 3042 cancta
1183 3029 1191 3054 ‚
1204 3005 1263 3060 quae
1274 2987 1314 3040 vie
1326 2987 1475 3042 iracundi·

400 3070 472 3144 apud
486 3071 543 3123 Par.
554 3073 619 3123 dico.
633 3099 669 3111 --
680 3073 730 3139 Qui
742 3085 826 3132 amat,
837 3068 912 3134 adde,
958 3068 1037 3121 fucrit
1056 3068 1125 3121 inter
1145 3087 1204 3130 aas,
1230 3063 1304 3120 unde
1328 3066 1475 3120 exordium

401 3171 456 3202 eum
481 3161 528 3202 aut
550 3153 810 3217 eam—Bisfacm
823 3154 911 3214 stulte,
956 3147 1013 3202 lites
1028 3147 1184 3218 inceperint.
1201 3177 1238 3188 —
1255 3149 1313 3197 Sola
1326 3148 1389 3220 seli.
1403 3145 1473 3200 Gall.

399 3229 541 3302 dupliciter
552 3247 675 3300 peccare3
690 3241 716 3283 et
726 3229 842 3302 explicat
854 3248 912 3283 ver-
956 3246 987 3278 en
999 3227 1148 3278 ιέιο-ὰ-τέισ.

399 3328 444 3363 sut
462 3325 582 3381 sequana.
992 3305 1052 3359 351.
1063 3306 1207 3385 quamn.
1223 3303 1283 3356 Lih.
1296 3303 1476 3360 Romanam»

436 3389 495 3451 344.
513 3390 565 3450 Illi,
579 3406 660 3459 quem
671 3401 750 3442 amat.
956 3388 1053 3437 venerit.

435 3469 497 3533 345.
515 3473 582 3519 Tum.
598 3470 657 3523 Lib.
669 3469 753 3540 antiq.
770 3481 861 3520 autem.
877 3497 911 3508 -
992 3463 1052 3527 354.
1066 3464 1213 3514 Meliuscula
1222 3475 1267 3512 est.
1277 3461 1364 3514 Paulo
1377 3463 1476 3518 melius

401 3553 468 3610 ihm,
477 3558 613 3616 praterea.
626 3581 659 3590 —
682 3553 714 3598 Ut
726 3550 811 3611 venit,
820 3546 909 3601 statim
955 3541 1087 3596 sehabet.

399 3640 430 3679 ut
439 3625 525 3679 rediit.
991 3622 1053 3676 355.
1069 3627 1260 3683 noemma.
1278 3618 1324 3675 sto
1342 3618 1476 3689 dicimus,

435 3708 495 3768 346.
512 3705 721 3776 Gratiamllulg.
733 3707 838 3773 gratias.
955 3719 1039 3773 quum
1064 3700 1121 3753 sine
1149 3699 1245 3770 injuria
1282 3702 1475 3772 interrogantis

435 3784 495 3852 347.
507 3790 572 3834 Istoc
581 3787 657 3834 verbo
667 3821 675 3847 ,
687 3783 759 3854 quod
771 3795 800 3835 tu
810 3782 910 3837 dixisti.
957 3776 1215 3850 reticemuetliquid.

334 3865 337 3873 '
435 3861 497 3926 348.
507 3865 620 3928 Introire,
628 3861 722 3932 supple
730 3876 762 3914 te.
771 3862 826 3916 Nec
835 3862 910 3926 velis,
991 3860 1051 3914 356.
1067 3862 1134 3928 Quid
1141 3860 1195 3926 ficit
1206 3872 1265 3911 mm.
1280 3858 1322 3914 Gi.
1337 3877 1423 3930 supin
1434 3879 1475 3913 m.

398 3954 429 3996 ut
449 3943 566 4014 primum
590 3952 716 4012 apparet,
751 3941 911 4014 intelligere,
956 3940 1016 3994 336.
1030 3941 1192 3990 -Tnmuln',
1202 3936 1313 4009 Antiqui
1333 3939 1374 3992 sic
1394 3938 1478 3993 decli·

397 4025 458 4078 nola
471 4021 522 4089 ipse
533 4023 645 4072 introire.
955 4029 1055 4072 narum
1064 4055 1072 4082 ‚
1082 4020 1198 4082 armatu,
1217 4020 1310 4078 senam
1322 4029 1355 4070 nt
1368 4017 1476 4073 Sallust.

435 4101 494 4170 349.
516 4100 689 4152 Philumenam.
711 4099 832 4153 &uatus
850 4098 912 4172 legit
955 4099 1119 4152 -uecretum
1133 4099 1215 4148 senati
1226 4096 1290 4149 iit.-
1316 4102 1417 4159 meat.
1441 4129 1476 4152 v·

397 4184 560 4245 Philumena,
571 4181 690 4252 justane
704 4179 859 4234 tironium
875 4180 910 4234 sit
955 4178 1261 4246 triumphatissimam.
