<?xml version="1.0" encoding="UTF-8"?>
<!DOCTYPE html PUBLIC "-//W3C//DTD XHTML 1.0 Transitional//EN"
    "http://www.w3.org/TR/xhtml1/DTD/xhtml1-transitional.dtd">
<html xmlns="http://www.w3.org/1999/xhtml" xml:lang="en" lang="en">
 <head>
  <title>
</title>
<meta http-equiv="Content-Type" content="text/html;charset=utf-8" />
  <meta name='ocr-system' content='tesseract 3.04.00' />
  <meta name='ocr-capabilities' content='ocr_page ocr_carea ocr_par ocr_line ocrx_word'/>
</head>
<body>
  <div class='ocr_page' id='page_1' title='image "./publiiterentiia00lemagoog/publiiterentiia00lemagoog_0279.png"; bbox 0 0 3016 5182; ppageno 0'>
   <div class='ocr_carea' id='block_1_1' title="bbox 287 511 1158 606">
    <p class='ocr_par' dir='ltr' id='par_1_1' title="bbox 287 511 1158 606">
     <span class='ocr_line' id='line_1_1' title="bbox 287 511 1158 606; baseline 0.001 -27"><span class='ocrx_word' id='word_1_1' title='bbox 287 512 547 580; x_wconf 82' lang='lat' dir='ltr'><strong>rnoanro.</strong></span> <span class='ocrx_word' id='word_1_2' title='bbox 575 512 683 582; x_wconf 82' lang='lat' dir='ltr'><strong>Aer.</strong></span> <span class='ocrx_word' id='word_1_3' title='bbox 712 512 768 596; x_wconf 92' lang='lat'><strong>11,</strong></span> <span class='ocrx_word' id='word_1_4' title='bbox 796 511 864 580; x_wconf 88' lang='lat' dir='ltr'><strong>sc.</strong></span> <span class='ocrx_word' id='word_1_5' title='bbox 893 511 968 579; x_wconf 90' lang='lat'>111.</span> <span class='ocrx_word' id='word_1_6' title='bbox 1086 531 1158 606; x_wconf 77' lang='lat'><strong>277</strong></span> 
     </span>
    </p>
   </div>
   <div class='ocr_carea' id='block_1_2' title="bbox 105 641 1158 1059">
    <p class='ocr_par' dir='ltr' id='par_1_2' title="bbox 107 641 1109 844">
     <span class='ocr_line' id='line_1_2' title="bbox 109 641 1109 741; baseline -0.005 -25"><span class='ocrx_word' id='word_1_7' title='bbox 109 650 162 716; x_wconf 82' lang='lat' dir='ltr'><strong>Da.</strong></span> <span class='ocrx_word' id='word_1_8' title='bbox 179 645 228 713; x_wconf 86' lang='lat' dir='ltr'><strong>Ita</strong></span> <span class='ocrx_word' id='word_1_9' title='bbox 240 657 279 712; x_wconf 90' lang='lat' dir='ltr'><strong>ut</strong></span> <span class='ocrx_word' id='word_1_10' title='bbox 290 643 374 713; x_wconf 84' lang='lat' dir='ltr'><strong>di&#39;cis</strong></span> <span class='ocrx_word' id='word_1_11' title='bbox 392 671 399 712; x_wconf 92' lang='lat'>:</span> <span class='ocrx_word' id='word_1_12' title='bbox 420 669 483 739; x_wconf 82' lang='lat' dir='ltr'><strong>ego</strong></span> <span class='ocrx_word' id='word_1_13' title='bbox 499 659 571 712; x_wconf 92' lang='lat' dir='ltr'><strong>tum</strong></span> <span class='ocrx_word' id='word_1_14' title='bbox 587 669 690 741; x_wconf 90' lang='lat' dir='ltr'><strong>quum</strong></span> <span class='ocrx_word' id='word_1_15' title='bbox 707 643 934 730; x_wconf 84' lang='lat' dir='ltr'>advenissem,</span> <span class='ocrx_word' id='word_1_16' title='bbox 956 641 1013 738; x_wconf 88' lang='lat' dir='ltr'><strong>qui</strong></span> <span class='ocrx_word' id='word_1_17' title='bbox 1028 643 1109 712; x_wconf 82' lang='lat' dir='ltr'><strong>milii</strong></span> 
     </span>
     <span class='ocr_line' id='line_1_3' title="bbox 107 749 882 844; baseline -0.006 -22"><span class='ocrx_word' id='word_1_18' title='bbox 107 755 242 844; x_wconf 80' lang='lat' dir='ltr'><strong>Cognata</strong></span> <span class='ocrx_word' id='word_1_19' title='bbox 255 775 294 819; x_wconf 90' lang='lat' dir='ltr'><strong>ea</strong></span> <span class='ocrx_word' id='word_1_20' title='bbox 310 763 411 836; x_wconf 87' lang='lat' dir='ltr'><strong>esset,</strong></span> <span class='ocrx_word' id='word_1_21' title='bbox 430 749 575 820; x_wconf 87' lang='lat' dir='ltr'><strong>dicerem</strong></span> <span class='ocrx_word' id='word_1_22' title='bbox 590 767 597 808; x_wconf 70' lang='grc' dir='ltr'>ἰ</span> <span class='ocrx_word' id='word_1_23' title='bbox 620 751 733 820; x_wconf 90' lang='lat' dir='ltr'><strong>itidem</strong></span> <span class='ocrx_word' id='word_1_24' title='bbox 748 764 785 819; x_wconf 93' lang='lat' dir='ltr'><strong>tu</strong></span> <span class='ocrx_word' id='word_1_25' title='bbox 801 749 882 819; x_wconf 86' lang='lat' dir='ltr'><strong>face.</strong></span> 
     </span>
    </p>

    <p class='ocr_par' dir='ltr' id='par_1_3' title="bbox 105 852 1158 1059">
     <span class='ocr_line' id='line_1_4' title="bbox 106 852 1158 950; baseline -0.002 -23"><span class='ocrx_word' id='word_1_26' title='bbox 106 857 202 940; x_wconf 84' lang='lat' dir='ltr'><strong>Cedo,</strong></span> <span class='ocrx_word' id='word_1_27' title='bbox 216 855 272 950; x_wconf 90' lang='lat' dir='ltr'><strong>qui</strong></span> <span class='ocrx_word' id='word_1_28' title='bbox 281 870 331 925; x_wconf 89' lang='lat' dir='ltr'><strong>est</strong></span> <span class='ocrx_word' id='word_1_29' title='bbox 343 871 485 950; x_wconf 85' lang='lat' dir='ltr'><strong>cognata</strong></span> <span class='ocrx_word' id='word_1_30' title='bbox 495 856 510 926; x_wconf 74' lang='lat' dir='ltr'><strong>l</strong></span> <span class='ocrx_word' id='word_1_31' title='bbox 521 859 563 927; x_wconf 90' lang='lat' dir='ltr'><strong>G.</strong></span> <span class='ocrx_word' id='word_1_32' title='bbox 576 860 629 926; x_wconf 91' lang='lat' dir='ltr'><strong>Eu</strong></span> <span class='ocrx_word' id='word_1_33' title='bbox 643 852 768 928; x_wconf 81' lang='lat' dir='ltr'><strong>noster!</strong></span> <span class='ocrx_word' id='word_1_34' title='bbox 783 870 882 926; x_wconf 85' lang='lat' dir='ltr'><strong>recte.</strong></span> <span class='ocrx_word' id='word_1_35' title='bbox 899 859 991 926; x_wconf 86' lang='lat' dir='ltr'>Heus</span> <span class='ocrx_word' id='word_1_36' title='bbox 1002 870 1055 943; x_wconf 93' lang='lat' dir='ltr'><strong>tu,</strong></span> <span class='ocrx_word' id='word_1_37' title='bbox 1068 881 1158 926; x_wconf 87' lang='lat' dir='ltr'><strong>cave.</strong></span> 
     </span>
     <span class='ocr_line' id='line_1_5' title="bbox 105 961 903 1059; baseline -0.003 -26"><span class='ocrx_word' id='word_1_38' title='bbox 105 965 180 1033; x_wconf 81' lang='lat' dir='ltr'><strong>Pao.</strong></span> <span class='ocrx_word' id='word_1_39' title='bbox 196 961 350 1032; x_wconf 83' lang='lat' dir='ltr'><strong>Dilucide</strong></span> <span class='ocrx_word' id='word_1_40' title='bbox 364 963 535 1058; x_wconf 82' lang='lat' dir='ltr'>expedivi,</span> <span class='ocrx_word' id='word_1_41' title='bbox 556 964 675 1059; x_wconf 89' lang='lat' dir='ltr'><strong>quibus</strong></span> <span class='ocrx_word' id='word_1_42' title='bbox 687 988 740 1032; x_wconf 93' lang='lat' dir='ltr'><strong>me</strong></span> <span class='ocrx_word' id='word_1_43' title='bbox 753 962 903 1058; x_wconf 90' lang='lat' dir='ltr'><strong>oportuit</strong></span> 
     </span>
    </p>
   </div>
   <div class='ocr_carea' id='block_1_3' title="bbox 4 1068 1159 1246">
    <p class='ocr_par' dir='ltr' id='par_1_4' title="bbox 4 1068 1159 1246">
     <span class='ocr_line' id='line_1_6' title="bbox 4 1068 1159 1161; baseline -0.01 -20"><span class='ocrx_word' id='word_1_44' title='bbox 4 1109 15 1161; x_wconf 81' lang='lat'><strong>3.</strong></span> <span class='ocrx_word' id='word_1_45' title='bbox 103 1068 277 1156; x_wconf 81' lang='lat' dir='ltr'><strong>iudicibus3</strong></span> <span class='ocrx_word' id='word_1_46' title='bbox 301 1084 371 1138; x_wconf 91' lang='lat' dir='ltr'><strong>tum</strong></span> <span class='ocrx_word' id='word_1_47' title='bbox 389 1068 423 1137; x_wconf 94' lang='lat' dir='ltr'><strong>id</strong></span> <span class='ocrx_word' id='word_1_48' title='bbox 443 1071 470 1138; x_wconf 92' lang='lat' dir='ltr'><strong>si</strong></span> <span class='ocrx_word' id='word_1_49' title='bbox 488 1069 605 1140; x_wconf 80' lang='lat' dir='ltr'><strong>falsum</strong></span> <span class='ocrx_word' id='word_1_50' title='bbox 624 1070 749 1157; x_wconf 85' lang='lat' dir='ltr'><strong>fuerat,</strong></span> <span class='ocrx_word' id='word_1_51' title='bbox 774 1068 860 1142; x_wconf 86' lang='lat' dir='ltr'><strong>filius</strong></span> <span class='ocrx_word' id='word_1_52' title='bbox 1120 1098 1159 1140; x_wconf 70' lang='lat' dir='ltr'><strong>m.</strong></span> 
     </span>
     <span class='ocr_line' id='line_1_7' title="bbox 4 1167 880 1246; baseline 0 -4"><span class='ocrx_word' id='word_1_53' title='bbox 4 1167 5 1242; x_wconf 82' lang='lat' dir='ltr'><strong>l</strong></span> <span class='ocrx_word' id='word_1_54' title='bbox 104 1178 165 1245; x_wconf 90' lang='lat' dir='ltr'><strong>Cur</strong></span> <span class='ocrx_word' id='word_1_55' title='bbox 181 1200 249 1243; x_wconf 92' lang='lat' dir='ltr'><strong>non</strong></span> <span class='ocrx_word' id='word_1_56' title='bbox 264 1173 405 1244; x_wconf 78' lang='lat' dir='ltr'><strong>refellit?</strong></span> <span class='ocrx_word' id='word_1_57' title='bbox 421 1180 487 1245; x_wconf 75' lang='lat' dir='ltr'><strong>Dr.</strong></span> <span class='ocrx_word' id='word_1_58' title='bbox 506 1175 626 1246; x_wconf 90' lang='lat' dir='ltr'><strong>Filium</strong></span> <span class='ocrx_word' id='word_1_59' title='bbox 646 1200 761 1246; x_wconf 87' lang='lat' dir='ltr'><strong>narras</strong></span> <span class='ocrx_word' id='word_1_60' title='bbox 774 1172 880 1245; x_wconf 82' lang='lat' dir='ltr'><strong>mihi?</strong></span> 
     </span>
    </p>
   </div>
   <div class='ocr_carea' id='block_1_4' title="bbox 3 1279 1220 2121">
    <p class='ocr_par' dir='ltr' id='par_1_5' title="bbox 4 1259 1025 1578">
     <span class='ocr_line' id='line_1_8' title="bbox 104 1279 1025 1378; baseline -0.006 -22.588"><span class='ocrx_word' id='word_1_61' title='bbox 104 1282 195 1373; x_wconf 89' lang='lat' dir='ltr'><strong>Cujus</strong></span> <span class='ocrx_word' id='word_1_62' title='bbox 207 1280 248 1349; x_wconf 89' lang='lat' dir='ltr'><strong>de</strong></span> <span class='ocrx_word' id='word_1_63' title='bbox 266 1279 403 1351; x_wconf 89' lang='lat' dir='ltr'><strong>stultitia</strong></span> <span class='ocrx_word' id='word_1_64' title='bbox 422 1282 503 1366; x_wconf 84' lang='lat' dir='ltr'><strong>diei,</strong></span> <span class='ocrx_word' id='word_1_65' title='bbox 524 1297 562 1352; x_wconf 91' lang='lat' dir='ltr'><strong>ut</strong></span> <span class='ocrx_word' id='word_1_66' title='bbox 579 1282 716 1378; x_wconf 84' lang='lat' dir='ltr'><strong>dignum</strong></span> <span class='ocrx_word' id='word_1_67' title='bbox 737 1285 792 1369; x_wconf 93' lang='lat' dir='ltr'><strong>&#39;st,</strong></span> <span class='ocrx_word' id='word_1_68' title='bbox 820 1305 887 1369; x_wconf 80' lang='lat' dir='ltr'><strong>non</strong></span> <span class='ocrx_word' id='word_1_69' title='bbox 906 1295 1025 1376; x_wconf 90' lang='lat' dir='ltr'><strong>potest.</strong></span> 
     </span>
     <span class='ocr_line' id='line_1_9' title="bbox 4 1387 921 1484; baseline -0.002 -27"><span class='ocrx_word' id='word_1_70' title='bbox 4 1411 5 1482; x_wconf 57' lang='grc' dir='ltr'><em>ἢ</em></span> <span class='ocrx_word' id='word_1_71' title='bbox 102 1391 177 1457; x_wconf 83' lang='lat' dir='ltr'><strong>Pno.</strong></span> <span class='ocrx_word' id='word_1_72' title='bbox 194 1389 237 1456; x_wconf 81' lang='lat' dir='ltr'><strong>At</strong></span> <span class='ocrx_word' id='word_1_73' title='bbox 250 1401 306 1472; x_wconf 90' lang='lat' dir='ltr'><strong>tu,</strong></span> <span class='ocrx_word' id='word_1_74' title='bbox 322 1389 379 1482; x_wconf 91' lang='lat' dir='ltr'><strong>qui</strong></span> <span class='ocrx_word' id='word_1_75' title='bbox 398 1390 526 1483; x_wconf 88' lang='lat' dir='ltr'><strong>sapiens</strong></span> <span class='ocrx_word' id='word_1_76' title='bbox 544 1413 597 1476; x_wconf 91' lang='lat' dir='ltr'><strong>es,</strong></span> <span class='ocrx_word' id='word_1_77' title='bbox 621 1390 832 1484; x_wconf 81' lang='lat' dir='ltr'><strong>magistratus</strong></span> <span class='ocrx_word' id='word_1_78' title='bbox 851 1387 921 1474; x_wconf 86' lang='lat' dir='ltr'><strong>adi,</strong></span> 
     </span>
     <span class='ocr_line' id='line_1_10' title="bbox 102 1492 998 1578; baseline 0 -16"><span class='ocrx_word' id='word_1_79' title='bbox 102 1493 254 1562; x_wconf 79' lang='lat' dir='ltr'><strong>iudicium</strong></span> <span class='ocrx_word' id='word_1_80' title='bbox 273 1492 315 1562; x_wconf 89' lang='lat' dir='ltr'><strong>de</strong></span> <span class='ocrx_word' id='word_1_81' title='bbox 335 1492 450 1562; x_wconf 86' lang='lat' dir='ltr'><strong>eadem</strong></span> <span class='ocrx_word' id='word_1_82' title='bbox 465 1518 565 1564; x_wconf 87' lang='lat' dir='ltr'>causa</span> <span class='ocrx_word' id='word_1_83' title='bbox 579 1496 698 1563; x_wconf 89' lang='lat' dir='ltr'><strong>iterum</strong></span> <span class='ocrx_word' id='word_1_84' title='bbox 715 1509 753 1563; x_wconf 93' lang='lat' dir='ltr'><strong>ut</strong></span> <span class='ocrx_word' id='word_1_85' title='bbox 767 1493 907 1564; x_wconf 83' lang='lat' dir='ltr'><strong>reddant</strong></span> <span class='ocrx_word' id='word_1_86' title='bbox 923 1493 998 1578; x_wconf 72' lang='lat' dir='ltr'><strong>tibi,</strong></span> 
     </span>
    </p>

    <p class='ocr_par' dir='ltr' id='par_1_6' title="bbox 3 1598 1220 1803">
     <span class='ocr_line' id='line_1_11' title="bbox 3 1598 1220 1700; baseline -0.002 -32"><span class='ocrx_word' id='word_1_87' title='bbox 3 1621 4 1700; x_wconf 51' lang='lat' dir='ltr'>J</span> <span class='ocrx_word' id='word_1_88' title='bbox 104 1599 369 1694; x_wconf 83' lang='lat' dir='ltr'><strong>Quandoquidem</strong></span> <span class='ocrx_word' id='word_1_89' title='bbox 385 1598 475 1670; x_wconf 89' lang='lat' dir='ltr'><strong>solus</strong></span> <span class='ocrx_word' id='word_1_90' title='bbox 489 1625 625 1695; x_wconf 84' lang='lat' dir='ltr'><strong>regnas,</strong></span> <span class='ocrx_word' id='word_1_91' title='bbox 645 1615 678 1670; x_wconf 92' lang='lat' dir='ltr'><strong>et</strong></span> <span class='ocrx_word' id='word_1_92' title='bbox 693 1599 753 1670; x_wconf 93' lang='lat' dir='ltr'><strong>soli</strong></span> <span class='ocrx_word' id='word_1_93' title='bbox 766 1598 842 1670; x_wconf 89' lang='lat' dir='ltr'><strong>licet</strong></span> <span class='ocrx_word' id='word_1_94' title='bbox 1122 1627 1161 1673; x_wconf 78' lang='lat' dir='ltr'><strong>os</strong></span> <span class='ocrx_word' id='word_1_95' title='bbox 1219 1681 1220 1684; x_wconf 8' lang='grc' dir='ltr'><strong>Ἴ</strong></span> 
     </span>
     <span class='ocr_line' id='line_1_12' title="bbox 3 1705 909 1803; baseline 0 -29"><span class='ocrx_word' id='word_1_96' title='bbox 3 1757 4 1794; x_wconf 66' lang='lat'><strong>,</strong></span> <span class='ocrx_word' id='word_1_97' title='bbox 103 1708 157 1776; x_wconf 85' lang='lat' dir='ltr'><strong>Hie</strong></span> <span class='ocrx_word' id='word_1_98' title='bbox 175 1706 215 1775; x_wconf 85' lang='lat' dir='ltr'><strong>de</strong></span> <span class='ocrx_word' id='word_1_99' title='bbox 233 1705 348 1775; x_wconf 89' lang='lat' dir='ltr'><strong>eadem</strong></span> <span class='ocrx_word' id='word_1_100' title='bbox 368 1731 467 1777; x_wconf 88' lang='lat' dir='ltr'>causa</span> <span class='ocrx_word' id='word_1_101' title='bbox 482 1707 533 1776; x_wconf 89' lang='lat' dir='ltr'><strong>bis</strong></span> <span class='ocrx_word' id='word_1_102' title='bbox 547 1706 709 1803; x_wconf 88' lang='lat' dir='ltr'><strong>judicium</strong></span> <span class='ocrx_word' id='word_1_103' title='bbox 724 1706 909 1801; x_wconf 83' lang='lat' dir='ltr'><strong>adipiscier.</strong></span> 
     </span>
    </p>

    <p class='ocr_par' dir='ltr' id='par_1_7' title="bbox 3 1803 974 2121">
     <span class='ocr_line' id='line_1_13' title="bbox 3 1803 909 1908; baseline -0.001 -26"><span class='ocrx_word' id='word_1_104' title='bbox 3 1829 4 1860; x_wconf 80' lang='lat'>³</span> <span class='ocrx_word' id='word_1_105' title='bbox 103 1815 158 1882; x_wconf 76' lang='lat' dir='ltr'><strong>Dr.</strong></span> <span class='ocrx_word' id='word_1_106' title='bbox 172 1813 241 1882; x_wconf 88' lang='lat' dir='ltr'><strong>Etsi</strong></span> <span class='ocrx_word' id='word_1_107' title='bbox 255 1814 336 1882; x_wconf 91' lang='lat' dir='ltr'><strong>mihi</strong></span> <span class='ocrx_word' id='word_1_108' title='bbox 352 1811 439 1882; x_wconf 86' lang='lat' dir='ltr'><strong>facta</strong></span> <span class='ocrx_word' id='word_1_109' title='bbox 453 1815 573 1908; x_wconf 87' lang='lat' dir='ltr'><strong>injuria</strong></span> <span class='ocrx_word' id='word_1_110' title='bbox 585 1803 640 1898; x_wconf 84' lang='lat' dir='ltr'><strong>&#39;st,</strong></span> <span class='ocrx_word' id='word_1_111' title='bbox 659 1837 776 1882; x_wconf 84' lang='lat' dir='ltr'><strong>rerum</strong></span> <span class='ocrx_word' id='word_1_112' title='bbox 797 1827 909 1881; x_wconf 89' lang='lat' dir='ltr'><strong>tamen</strong></span> 
     </span>
     <span class='ocr_line' id='line_1_14' title="bbox 103 1918 974 2014; baseline -0.001 -27"><span class='ocrx_word' id='word_1_113' title='bbox 103 1920 221 2007; x_wconf 88' lang='lat' dir='ltr'><strong>Potius,</strong></span> <span class='ocrx_word' id='word_1_114' title='bbox 236 1943 336 2014; x_wconf 90' lang='lat' dir='ltr'><strong>quam</strong></span> <span class='ocrx_word' id='word_1_115' title='bbox 359 1918 432 1990; x_wconf 87' lang='lat' dir='ltr'><strong>lites</strong></span> <span class='ocrx_word' id='word_1_116' title='bbox 451 1935 574 2005; x_wconf 86' lang='lat' dir='ltr'><strong>secter,</strong></span> <span class='ocrx_word' id='word_1_117' title='bbox 589 1935 646 1989; x_wconf 88' lang='lat' dir='ltr'><strong>aut</strong></span> <span class='ocrx_word' id='word_1_118' title='bbox 661 1944 759 2014; x_wconf 88' lang='lat' dir='ltr'><strong>quam</strong></span> <span class='ocrx_word' id='word_1_119' title='bbox 776 1934 808 1988; x_wconf 89' lang='lat' dir='ltr'><strong>te</strong></span> <span class='ocrx_word' id='word_1_120' title='bbox 824 1919 974 2004; x_wconf 87' lang='lat' dir='ltr'><strong>audiam,</strong></span> 
     </span>
     <span class='ocr_line' id='line_1_15' title="bbox 103 2024 869 2121; baseline 0 -28"><span class='ocrx_word' id='word_1_121' title='bbox 103 2025 208 2094; x_wconf 86' lang='lat' dir='ltr'><strong>itidem</strong></span> <span class='ocrx_word' id='word_1_122' title='bbox 222 2040 260 2095; x_wconf 91' lang='lat' dir='ltr'><strong>ut</strong></span> <span class='ocrx_word' id='word_1_123' title='bbox 272 2042 415 2121; x_wconf 81' lang='lat' dir='ltr'><strong>cognata</strong></span> <span class='ocrx_word' id='word_1_124' title='bbox 435 2028 462 2096; x_wconf 92' lang='lat' dir='ltr'><strong>si</strong></span> <span class='ocrx_word' id='word_1_125' title='bbox 480 2028 537 2112; x_wconf 89' lang='lat' dir='ltr'><strong>sit,</strong></span> <span class='ocrx_word' id='word_1_126' title='bbox 553 2026 586 2095; x_wconf 94' lang='lat' dir='ltr'><strong>id</strong></span> <span class='ocrx_word' id='word_1_127' title='bbox 601 2026 692 2121; x_wconf 92' lang='lat' dir='ltr'><strong>quod</strong></span> <span class='ocrx_word' id='word_1_128' title='bbox 709 2024 763 2094; x_wconf 82' lang='lat' dir='ltr'><strong>lex</strong></span> <span class='ocrx_word' id='word_1_129' title='bbox 774 2024 869 2120; x_wconf 86' lang='lat' dir='ltr'><strong>jubet</strong></span> 
     </span>
    </p>
   </div>
   <div class='ocr_carea' id='block_1_5' title="bbox 103 2201 1158 2352">
    <p class='ocr_par' dir='ltr' id='par_1_8' title="bbox 103 2201 1158 2352">
     <span class='ocr_line' id='line_1_16' title="bbox 133 2201 1158 2277; baseline -0.006 -15"><span class='ocrx_word' id='word_1_130' title='bbox 133 2209 186 2277; x_wconf 80' lang='lat'><strong>396.</strong></span> <span class='ocrx_word' id='word_1_131' title='bbox 201 2213 280 2275; x_wconf 84' lang='lat' dir='ltr'><strong>Quum</strong></span> <span class='ocrx_word' id='word_1_132' title='bbox 291 2210 399 2260; x_wconf 65' lang='lat' dir='ltr'><strong>dranis.</strong></span> <span class='ocrx_word' id='word_1_133' title='bbox 414 2207 454 2260; x_wconf 80' lang='lat' dir='ltr'><strong>Al.</strong></span> <span class='ocrx_word' id='word_1_134' title='bbox 463 2211 485 2259; x_wconf 79' lang='lat' dir='ltr'><strong>si</strong></span> <span class='ocrx_word' id='word_1_135' title='bbox 493 2211 603 2259; x_wconf 80' lang='lat' dir='ltr'><strong>advenis·</strong></span> <span class='ocrx_word' id='word_1_136' title='bbox 683 2207 742 2272; x_wconf 69' lang='grc'>403.</span> <span class='ocrx_word' id='word_1_137' title='bbox 760 2211 809 2269; x_wconf 83' lang='lat' dir='ltr'><strong>Tu,</strong></span> <span class='ocrx_word' id='word_1_138' title='bbox 821 2207 865 2273; x_wconf 82' lang='lat' dir='ltr'><strong>qui</strong></span> <span class='ocrx_word' id='word_1_139' title='bbox 884 2205 982 2274; x_wconf 81' lang='lat' dir='ltr'><strong>sapiens</strong></span> <span class='ocrx_word' id='word_1_140' title='bbox 997 2221 1033 2254; x_wconf 83' lang='lat' dir='ltr'><strong>es.</strong></span> <span class='ocrx_word' id='word_1_141' title='bbox 1054 2201 1158 2256; x_wconf 80' lang='lat' dir='ltr'><strong>Ironice</strong></span> 
     </span>
     <span class='ocr_line' id='line_1_17' title="bbox 103 2285 761 2352; baseline -0.003 -12"><span class='ocrx_word' id='word_1_142' title='bbox 103 2292 229 2340; x_wconf 69' lang='lat' dir='ltr'><strong>ram-Ira</strong></span> <span class='ocrx_word' id='word_1_143' title='bbox 244 2302 271 2338; x_wconf 80' lang='lat' dir='ltr'><strong>nt</strong></span> <span class='ocrx_word' id='word_1_144' title='bbox 281 2291 359 2352; x_wconf 81' lang='lat' dir='ltr'><strong>dicis,</strong></span> <span class='ocrx_word' id='word_1_145' title='bbox 374 2301 426 2341; x_wconf 87' lang='lat' dir='ltr'><strong>etc.</strong></span> <span class='ocrx_word' id='word_1_146' title='bbox 441 2289 521 2349; x_wconf 82' lang='lat' dir='ltr'><strong>Esto,</strong></span> <span class='ocrx_word' id='word_1_147' title='bbox 533 2286 603 2341; x_wconf 86' lang='lat' dir='ltr'><strong>sicut</strong></span> <span class='ocrx_word' id='word_1_148' title='bbox 647 2285 761 2340; x_wconf 88' lang='lat' dir='ltr'><strong>dictum.</strong></span> 
     </span>
    </p>
   </div>
   <div class='ocr_carea' id='block_1_6' title="bbox 1 2359 1246 2676">
    <p class='ocr_par' dir='ltr' id='par_1_9' title="bbox 1 2359 1246 2676">
     <span class='ocr_line' id='line_1_18' title="bbox 2 2359 1156 2438; baseline -0.006 -18"><span class='ocrx_word' id='word_1_149' title='bbox 2 2397 3 2430; x_wconf 50' lang='lat'>3</span> <span class='ocrx_word' id='word_1_150' title='bbox 104 2380 128 2420; x_wconf 92' lang='lat' dir='ltr'><strong>tu</strong></span> <span class='ocrx_word' id='word_1_151' title='bbox 135 2367 209 2430; x_wconf 84' lang='lat' dir='ltr'><strong>dieie;</strong></span> <span class='ocrx_word' id='word_1_152' title='bbox 221 2367 255 2420; x_wconf 92' lang='lat' dir='ltr'><strong>de</strong></span> <span class='ocrx_word' id='word_1_153' title='bbox 274 2366 440 2430; x_wconf 84' lang='lat' dir='ltr'><strong>hereditate,</strong></span> <span class='ocrx_word' id='word_1_154' title='bbox 452 2385 536 2438; x_wconf 89' lang='lat' dir='ltr'><strong>quum</strong></span> <span class='ocrx_word' id='word_1_155' title='bbox 553 2385 602 2437; x_wconf 82' lang='lat' dir='ltr'><strong>ego</strong></span> <span class='ocrx_word' id='word_1_156' title='bbox 683 2372 742 2430; x_wconf 71' lang='lat'><strong>404</strong></span> <span class='ocrx_word' id='word_1_157' title='bbox 761 2367 885 2416; x_wconf 81' lang='lat' dir='ltr'><strong>tteddont.</strong></span> <span class='ocrx_word' id='word_1_158' title='bbox 904 2361 971 2416; x_wconf 86' lang='lat' dir='ltr'><strong>Tres</strong></span> <span class='ocrx_word' id='word_1_159' title='bbox 984 2360 1061 2414; x_wconf 86' lang='lat' dir='ltr'><strong>Bent.</strong></span> <span class='ocrx_word' id='word_1_160' title='bbox 1075 2359 1156 2414; x_wconf 85' lang='lat' dir='ltr'><strong>codd.</strong></span> 
     </span>
     <span class='ocr_line' id='line_1_19' title="bbox 2 2445 1160 2518; baseline -0.003 -20"><span class='ocrx_word' id='word_1_161' title='bbox 2 2461 3 2514; x_wconf 59' lang='grc' dir='ltr'>ι</span> <span class='ocrx_word' id='word_1_162' title='bbox 103 2445 269 2508; x_wconf 78' lang='lat' dir='ltr'><strong>advenissem,</strong></span> <span class='ocrx_word' id='word_1_163' title='bbox 284 2445 420 2518; x_wconf 89' lang='lat' dir='ltr'><strong>probanda</strong></span> <span class='ocrx_word' id='word_1_164' title='bbox 431 2445 498 2498; x_wconf 81' lang='lat' dir='ltr'><strong>milii</strong></span> <span class='ocrx_word' id='word_1_165' title='bbox 506 2462 603 2515; x_wconf 78' lang='lat' dir='ltr'><strong>cogna·</strong></span> <span class='ocrx_word' id='word_1_166' title='bbox 647 2449 774 2498; x_wconf 78' lang='lat' dir='ltr'><strong>reddatur.</strong></span> <span class='ocrx_word' id='word_1_167' title='bbox 785 2476 819 2486; x_wconf 91' lang='lat'><em>-</em></span> <span class='ocrx_word' id='word_1_168' title='bbox 833 2448 916 2498; x_wconf 76' lang='lat' dir='ltr'><strong>ludia.</strong></span> <span class='ocrx_word' id='word_1_169' title='bbox 929 2449 960 2497; x_wconf 82' lang='lat' dir='ltr'><strong>de</strong></span> <span class='ocrx_word' id='word_1_170' title='bbox 979 2447 1036 2496; x_wconf 83' lang='lat' dir='ltr'><strong>ead.</strong></span> <span class='ocrx_word' id='word_1_171' title='bbox 1048 2455 1097 2496; x_wconf 89' lang='lat' dir='ltr'><strong>etc.</strong></span> <span class='ocrx_word' id='word_1_172' title='bbox 1110 2445 1160 2496; x_wconf 86' lang='lat' dir='ltr'><strong>lle·</strong></span> 
     </span>
     <span class='ocr_line' id='line_1_20' title="bbox 1 2523 1158 2599; baseline -0.003 -21"><span class='ocrx_word' id='word_1_173' title='bbox 1 2549 2 2554; x_wconf 46' lang='lat'>¹</span> <span class='ocrx_word' id='word_1_174' title='bbox 104 2529 135 2578; x_wconf 84' lang='lat' dir='ltr'><strong>tio</strong></span> <span class='ocrx_word' id='word_1_175' title='bbox 146 2527 235 2580; x_wconf 82' lang='lat' dir='ltr'><strong>tuerat.</strong></span> <span class='ocrx_word' id='word_1_176' title='bbox 248 2531 352 2579; x_wconf 77' lang='lat' dir='ltr'><strong>Boeoter.</strong></span> <span class='ocrx_word' id='word_1_177' title='bbox 647 2523 709 2595; x_wconf 78' lang='lat' dir='ltr'><strong>gula</strong></span> <span class='ocrx_word' id='word_1_178' title='bbox 721 2525 789 2599; x_wconf 86' lang='lat' dir='ltr'><strong>juris</strong></span> <span class='ocrx_word' id='word_1_179' title='bbox 807 2537 845 2578; x_wconf 83' lang='lat' dir='ltr'><strong>eet</strong></span> <span class='ocrx_word' id='word_1_180' title='bbox 857 2543 864 2577; x_wconf 86' lang='lat'>:</span> <span class='ocrx_word' id='word_1_181' title='bbox 876 2525 957 2578; x_wconf 81' lang='lat' dir='ltr'><strong>semel</strong></span> <span class='ocrx_word' id='word_1_182' title='bbox 975 2541 1051 2576; x_wconf 83' lang='lat' dir='ltr'><strong>eausa</strong></span> <span class='ocrx_word' id='word_1_183' title='bbox 1063 2541 1158 2594; x_wconf 83' lang='lat' dir='ltr'><strong>appro-</strong></span> 
     </span>
     <span class='ocr_line' id='line_1_21' title="bbox 133 2603 1246 2676; baseline -0.003 -18"><span class='ocrx_word' id='word_1_184' title='bbox 133 2605 186 2676; x_wconf 78' lang='lat'>³97·</span> <span class='ocrx_word' id='word_1_185' title='bbox 196 2609 284 2658; x_wconf 80' lang='lat' dir='ltr'><strong>Itidem</strong></span> <span class='ocrx_word' id='word_1_186' title='bbox 294 2620 321 2657; x_wconf 82' lang='lat' dir='ltr'><strong>en</strong></span> <span class='ocrx_word' id='word_1_187' title='bbox 327 2607 401 2673; x_wconf 83' lang='lat' dir='ltr'><strong>face.</strong></span> <span class='ocrx_word' id='word_1_188' title='bbox 414 2605 437 2656; x_wconf 90' lang='lat'><strong>1.</strong></span> <span class='ocrx_word' id='word_1_189' title='bbox 448 2623 471 2656; x_wconf 87' lang='lat' dir='ltr'><strong>e.</strong></span> <span class='ocrx_word' id='word_1_190' title='bbox 493 2603 603 2657; x_wconf 81' lang='lat' dir='ltr'><strong>ostende</strong></span> <span class='ocrx_word' id='word_1_191' title='bbox 647 2603 725 2668; x_wconf 82' lang='lat' dir='ltr'><strong>bata,</strong></span> <span class='ocrx_word' id='word_1_192' title='bbox 738 2605 794 2658; x_wconf 80' lang='lat' dir='ltr'><strong>sive</strong></span> <span class='ocrx_word' id='word_1_193' title='bbox 805 2623 866 2657; x_wconf 84' lang='lat' dir='ltr'><strong>vera</strong></span> <span class='ocrx_word' id='word_1_194' title='bbox 887 2603 939 2666; x_wconf 85' lang='lat' dir='ltr'><strong>sit,</strong></span> <span class='ocrx_word' id='word_1_195' title='bbox 958 2603 1012 2657; x_wconf 85' lang='lat' dir='ltr'><strong>sive</strong></span> <span class='ocrx_word' id='word_1_196' title='bbox 1026 2603 1107 2668; x_wconf 77' lang='lat' dir='ltr'><strong>falsa,</strong></span> <span class='ocrx_word' id='word_1_197' title='bbox 1126 2622 1159 2656; x_wconf 89' lang='lat' dir='ltr'><strong>ne</strong></span> <span class='ocrx_word' id='word_1_198' title='bbox 1242 2624 1246 2631; x_wconf 79' lang='grc'><em>’</em></span> 
     </span>
    </p>
   </div>
   <div class='ocr_carea' id='block_1_7' title="bbox 102 2683 1159 2914">
    <p class='ocr_par' dir='ltr' id='par_1_10' title="bbox 102 2683 1159 2914">
     <span class='ocr_line' id='line_1_22' title="bbox 102 2683 813 2755; baseline 0.001 -19"><span class='ocrx_word' id='word_1_199' title='bbox 102 2702 148 2755; x_wconf 88' lang='lat' dir='ltr'><strong>quo</strong></span> <span class='ocrx_word' id='word_1_200' title='bbox 158 2696 232 2754; x_wconf 82' lang='lat' dir='ltr'><strong>paeto</strong></span> <span class='ocrx_word' id='word_1_201' title='bbox 245 2703 303 2738; x_wconf 79' lang='lat' dir='ltr'><strong>mea</strong></span> <span class='ocrx_word' id='word_1_202' title='bbox 317 2695 429 2755; x_wconf 78' lang='lat' dir='ltr'><strong>cognata</strong></span> <span class='ocrx_word' id='word_1_203' title='bbox 443 2683 485 2734; x_wconf 82' lang='lat' dir='ltr'><strong>eit.</strong></span> <span class='ocrx_word' id='word_1_204' title='bbox 647 2695 813 2737; x_wconf 85' lang='lat' dir='ltr'><strong>retractetur.</strong></span> 
     </span>
     <span class='ocr_line' id='line_1_23' title="bbox 133 2759 1159 2832; baseline -0.002 -16"><span class='ocrx_word' id='word_1_205' title='bbox 133 2763 186 2830; x_wconf 79' lang='lat'><strong>398.</strong></span> <span class='ocrx_word' id='word_1_206' title='bbox 193 2769 259 2817; x_wconf 79' lang='lat' dir='ltr'><strong>Heus</strong></span> <span class='ocrx_word' id='word_1_207' title='bbox 267 2779 293 2815; x_wconf 82' lang='lat' dir='ltr'><strong>tu</strong></span> <span class='ocrx_word' id='word_1_208' title='bbox 302 2765 384 2816; x_wconf 77' lang='lat' dir='ltr'><strong>lVar.</strong></span> <span class='ocrx_word' id='word_1_209' title='bbox 395 2783 425 2814; x_wconf 83' lang='lat' dir='ltr'><strong>eu</strong></span> <span class='ocrx_word' id='word_1_210' title='bbox 431 2786 441 2824; x_wconf 92' lang='lat'><strong>,·</strong></span> <span class='ocrx_word' id='word_1_211' title='bbox 451 2766 514 2823; x_wconf 64' lang='lat' dir='ltr'><strong>lietu</strong></span> <span class='ocrx_word' id='word_1_212' title='bbox 524 2783 601 2832; x_wconf 77' lang='lat' dir='ltr'><strong>euge,·</strong></span> <span class='ocrx_word' id='word_1_213' title='bbox 681 2763 743 2826; x_wconf 68' lang='lat'>405.</span> <span class='ocrx_word' id='word_1_214' title='bbox 753 2769 862 2831; x_wconf 74' lang='lat' dir='ltr'><strong>Regnat.</strong></span> <span class='ocrx_word' id='word_1_215' title='bbox 876 2763 987 2827; x_wconf 81' lang='lat' dir='ltr'><strong>Potens,</strong></span> <span class='ocrx_word' id='word_1_216' title='bbox 999 2776 1025 2814; x_wconf 86' lang='lat' dir='ltr'><strong>et</strong></span> <span class='ocrx_word' id='word_1_217' title='bbox 1036 2773 1108 2814; x_wconf 85' lang='lat' dir='ltr'><strong>extra</strong></span> <span class='ocrx_word' id='word_1_218' title='bbox 1122 2759 1159 2814; x_wconf 87' lang='lat' dir='ltr'><strong>le·</strong></span> 
     </span>
     <span class='ocr_line' id='line_1_24' title="bbox 103 2841 1157 2914; baseline 0.001 -23"><span class='ocrx_word' id='word_1_219' title='bbox 103 2849 139 2892; x_wconf 75' lang='lat' dir='ltr'><strong>rat</strong></span> <span class='ocrx_word' id='word_1_220' title='bbox 149 2873 180 2883; x_wconf 96' lang='lat'><em>-</em></span> <span class='ocrx_word' id='word_1_221' title='bbox 194 2848 230 2894; x_wconf 75' lang='lat' dir='ltr'><strong>En</strong></span> <span class='ocrx_word' id='word_1_222' title='bbox 246 2849 348 2894; x_wconf 78' lang='lat' dir='ltr'><strong>noster!</strong></span> <span class='ocrx_word' id='word_1_223' title='bbox 367 2855 440 2895; x_wconf 85' lang='lat' dir='ltr'><strong>reete.</strong></span> <span class='ocrx_word' id='word_1_224' title='bbox 463 2843 526 2894; x_wconf 76' lang='lat' dir='ltr'><strong>llaec</strong></span> <span class='ocrx_word' id='word_1_225' title='bbox 548 2843 601 2896; x_wconf 85' lang='lat' dir='ltr'><strong>alta</strong></span> <span class='ocrx_word' id='word_1_226' title='bbox 645 2861 690 2914; x_wconf 78' lang='lat' dir='ltr'><strong>gea</strong></span> <span class='ocrx_word' id='word_1_227' title='bbox 703 2859 857 2896; x_wconf 76' lang='lat' dir='ltr'><strong>communes</strong></span> <span class='ocrx_word' id='word_1_228' title='bbox 871 2841 974 2913; x_wconf 87' lang='lat' dir='ltr'><strong>positus</strong></span> <span class='ocrx_word' id='word_1_229' title='bbox 988 2860 1024 2894; x_wconf 80' lang='lat' dir='ltr'><strong>es.</strong></span> <span class='ocrx_word' id='word_1_230' title='bbox 1035 2841 1098 2893; x_wconf 84' lang='lat' dir='ltr'><strong>Erat</strong></span> <span class='ocrx_word' id='word_1_231' title='bbox 1109 2858 1157 2892; x_wconf 86' lang='lat' dir='ltr'><strong>au·</strong></span> 
     </span>
    </p>
   </div>
   <div class='ocr_carea' id='block_1_8' title="bbox 1 2920 1158 2993">
    <p class='ocr_par' dir='ltr' id='par_1_11' title="bbox 1 2920 1158 2993">
     <span class='ocr_line' id='line_1_25' title="bbox 1 2920 1158 2993; baseline -0.001 -19"><span class='ocrx_word' id='word_1_232' title='bbox 1 2941 2 2966; x_wconf 70' lang='grc' dir='ltr'>ι</span> <span class='ocrx_word' id='word_1_233' title='bbox 101 2920 602 2975; x_wconf 74' lang='lat' dir='ltr'><strong>voce—Hensaitlloecconversusad</strong></span> <span class='ocrx_word' id='word_1_234' title='bbox 647 2935 700 2976; x_wconf 82' lang='lat' dir='ltr'><strong>tem</strong></span> <span class='ocrx_word' id='word_1_235' title='bbox 713 2921 1158 2993; x_wconf 69' lang='lat' dir='ltr'><strong>regisnomen,maxirne.lthenia</strong></span> 
     </span>
    </p>
   </div>
   <div class='ocr_carea' id='block_1_9' title="bbox 1 2973 1155 3072">
    <p class='ocr_par' dir='ltr' id='par_1_12' title="bbox 1 2973 1155 3072">
     <span class='ocr_line' id='line_1_26' title="bbox 1 2973 1155 3072; baseline 0.003 -24"><span class='ocrx_word' id='word_1_236' title='bbox 1 2973 2 3068; x_wconf 68' lang='lat' dir='ltr'><strong>l</strong></span> <span class='ocrx_word' id='word_1_237' title='bbox 101 2997 290 3066; x_wconf 67' lang='lat' dir='ltr'><strong>Phormionem</strong></span> <span class='ocrx_word' id='word_1_238' title='bbox 304 2999 351 3072; x_wconf 88' lang='lat' dir='ltr'><strong>qui</strong></span> <span class='ocrx_word' id='word_1_239' title='bbox 361 2999 442 3068; x_wconf 76' lang='lat' dir='ltr'><strong>scilic.</strong></span> <span class='ocrx_word' id='word_1_240' title='bbox 452 3018 537 3070; x_wconf 89' lang='lat' dir='ltr'><strong>quum</strong></span> <span class='ocrx_word' id='word_1_241' title='bbox 546 3000 604 3052; x_wconf 84' lang='lat' dir='ltr'><strong>hao-</strong></span> <span class='ocrx_word' id='word_1_242' title='bbox 646 3001 817 3055; x_wconf 83' lang='lat' dir='ltr'><strong>invidiosum.</strong></span> <span class='ocrx_word' id='word_1_243' title='bbox 831 2999 874 3052; x_wconf 86' lang='lat' dir='ltr'><strong>Sic</strong></span> <span class='ocrx_word' id='word_1_244' title='bbox 884 2999 959 3061; x_wconf 87' lang='lat' dir='ltr'><strong>alibi,</strong></span> <span class='ocrx_word' id='word_1_245' title='bbox 973 2999 1024 3052; x_wconf 79' lang='lat' dir='ltr'><strong>Ad.</strong></span> <span class='ocrx_word' id='word_1_246' title='bbox 1034 3019 1071 3054; x_wconf 82' lang='lat' dir='ltr'><strong>rs.</strong></span> <span class='ocrx_word' id='word_1_247' title='bbox 1088 3002 1155 3069; x_wconf 87' lang='lat'>176:</span> 
     </span>
    </p>
   </div>
   <div class='ocr_carea' id='block_1_10' title="bbox 1 3077 1158 3162">
    <p class='ocr_par' dir='ltr' id='par_1_13' title="bbox 1 3077 1158 3162">
     <span class='ocr_line' id='line_1_27' title="bbox 1 3077 1158 3162; baseline 0.002 -34"><span class='ocrx_word' id='word_1_248' title='bbox 1 3105 2 3162; x_wconf 66' lang='lat'><strong>,</strong></span> <span class='ocrx_word' id='word_1_249' title='bbox 100 3081 236 3133; x_wconf 74' lang='lat' dir='ltr'><strong>tenuitatis</strong></span> <span class='ocrx_word' id='word_1_250' title='bbox 246 3079 432 3132; x_wconf 76' lang='lat' dir='ltr'><strong>declinavisset</strong></span> <span class='ocrx_word' id='word_1_251' title='bbox 441 3079 511 3131; x_wconf 82' lang='lat' dir='ltr'><strong>senis</strong></span> <span class='ocrx_word' id='word_1_252' title='bbox 520 3077 603 3131; x_wconf 82' lang='lat' dir='ltr'><strong>disee·</strong></span> <span class='ocrx_word' id='word_1_253' title='bbox 653 3078 898 3152; x_wconf 73' lang='lat' dir='ltr'><strong>uliegnumnehic,</strong></span> <span class='ocrx_word' id='word_1_254' title='bbox 918 3078 1060 3141; x_wconf 81' lang='lat' dir='ltr'><strong>AEeohine,</strong></span> <span class='ocrx_word' id='word_1_255' title='bbox 1073 3079 1158 3151; x_wconf 81' lang='lat' dir='ltr'><strong>possi·</strong></span> 
     </span>
    </p>
   </div>
   <div class='ocr_carea' id='block_1_11' title="bbox 99 3157 1157 3391">
    <p class='ocr_par' dir='ltr' id='par_1_14' title="bbox 99 3157 1157 3391">
     <span class='ocr_line' id='line_1_28' title="bbox 100 3157 732 3229; baseline -0.003 -19"><span class='ocrx_word' id='word_1_256' title='bbox 100 3159 250 3228; x_wconf 74' lang='lat' dir='ltr'><strong>prationem,</strong></span> <span class='ocrx_word' id='word_1_257' title='bbox 259 3177 333 3212; x_wconf 86' lang='lat' dir='ltr'><strong>nunc</strong></span> <span class='ocrx_word' id='word_1_258' title='bbox 342 3159 379 3212; x_wconf 83' lang='lat' dir='ltr'><strong>ita</strong></span> <span class='ocrx_word' id='word_1_259' title='bbox 387 3157 475 3229; x_wconf 79' lang='lat' dir='ltr'><strong>urgeri</strong></span> <span class='ocrx_word' id='word_1_260' title='bbox 486 3157 603 3222; x_wconf 85' lang='lat' dir='ltr'><strong>videtur,</strong></span> <span class='ocrx_word' id='word_1_261' title='bbox 646 3159 709 3213; x_wconf 81' lang='lat' dir='ltr'><strong>des?</strong></span> <span class='ocrx_word' id='word_1_262' title='bbox 720 3184 732 3208; x_wconf 69' lang='lat' dir='ltr'><strong>n</strong></span> 
     </span>
     <span class='ocr_line' id='line_1_29' title="bbox 101 3237 1157 3311; baseline -0.001 -21"><span class='ocrx_word' id='word_1_263' title='bbox 101 3249 126 3290; x_wconf 88' lang='lat' dir='ltr'><strong>nt</strong></span> <span class='ocrx_word' id='word_1_264' title='bbox 142 3257 188 3292; x_wconf 84' lang='lat' dir='ltr'><strong>neo</strong></span> <span class='ocrx_word' id='word_1_265' title='bbox 203 3240 285 3293; x_wconf 78' lang='lat' dir='ltr'><strong>vitare</strong></span> <span class='ocrx_word' id='word_1_266' title='bbox 298 3239 450 3311; x_wconf 81' lang='lat' dir='ltr'><strong>aequitatem</strong></span> <span class='ocrx_word' id='word_1_267' title='bbox 462 3237 599 3306; x_wconf 82' lang='lat' dir='ltr'><strong>postulati,</strong></span> <span class='ocrx_word' id='word_1_268' title='bbox 680 3241 741 3303; x_wconf 72' lang='grc'><strong>406.</strong></span> <span class='ocrx_word' id='word_1_269' title='bbox 753 3241 895 3305; x_wconf 77' lang='lat' dir='ltr'><strong>Adipiseier.</strong></span> <span class='ocrx_word' id='word_1_270' title='bbox 905 3238 981 3291; x_wconf 86' lang='lat' dir='ltr'><strong>Bent.</strong></span> <span class='ocrx_word' id='word_1_271' title='bbox 990 3240 1104 3305; x_wconf 80' lang='lat' dir='ltr'><strong>apiseier,</strong></span> <span class='ocrx_word' id='word_1_272' title='bbox 1115 3256 1157 3289; x_wconf 85' lang='lat' dir='ltr'><strong>eo·</strong></span> 
     </span>
     <span class='ocr_line' id='line_1_30' title="bbox 99 3317 931 3391; baseline 0.001 -21"><span class='ocrx_word' id='word_1_273' title='bbox 99 3336 144 3370; x_wconf 85' lang='lat' dir='ltr'><strong>nee</strong></span> <span class='ocrx_word' id='word_1_274' title='bbox 162 3319 214 3372; x_wconf 83' lang='lat' dir='ltr'><strong>eine</strong></span> <span class='ocrx_word' id='word_1_275' title='bbox 226 3319 327 3391; x_wconf 85' lang='lat' dir='ltr'><strong>periclo</strong></span> <span class='ocrx_word' id='word_1_276' title='bbox 345 3317 505 3390; x_wconf 79' lang='lat' dir='ltr'><strong>respondere</strong></span> <span class='ocrx_word' id='word_1_277' title='bbox 526 3335 601 3387; x_wconf 81' lang='lat' dir='ltr'><strong>posse</strong></span> <span class='ocrx_word' id='word_1_278' title='bbox 644 3317 705 3371; x_wconf 85' lang='lat' dir='ltr'><strong>dem</strong></span> <span class='ocrx_word' id='word_1_279' title='bbox 719 3317 828 3370; x_wconf 87' lang='lat' dir='ltr'><strong>omnino</strong></span> <span class='ocrx_word' id='word_1_280' title='bbox 841 3337 931 3371; x_wconf 80' lang='lat' dir='ltr'><strong>sensu.</strong></span> 
     </span>
    </p>
   </div>
   <div class='ocr_carea' id='block_1_12' title="bbox 1 3395 1158 3636">
    <p class='ocr_par' dir='ltr' id='par_1_15' title="bbox 1 3395 1158 3636">
     <span class='ocr_line' id='line_1_31' title="bbox 1 3395 1157 3472; baseline 0 -24"><span class='ocrx_word' id='word_1_281' title='bbox 1 3467 2 3472; x_wconf 12' lang='grc'>1</span> <span class='ocrx_word' id='word_1_282' title='bbox 100 3396 218 3452; x_wconf 76' lang='lat' dir='ltr'><strong>videatur.</strong></span> <span class='ocrx_word' id='word_1_283' title='bbox 240 3401 281 3453; x_wconf 85' lang='lat' dir='ltr'><strong>Itu</strong></span> <span class='ocrx_word' id='word_1_284' title='bbox 304 3397 490 3451; x_wconf 79' lang='lat' dir='ltr'><strong>adhortatione</strong></span> <span class='ocrx_word' id='word_1_285' title='bbox 512 3397 599 3457; x_wconf 80' lang='lat' dir='ltr'><strong>servi,</strong></span> <span class='ocrx_word' id='word_1_286' title='bbox 682 3403 741 3467; x_wconf 67' lang='lat'><em>407.</em></span> <span class='ocrx_word' id='word_1_287' title='bbox 759 3399 813 3448; x_wconf 78' lang='lat' dir='ltr'><strong>Etsi</strong></span> <span class='ocrx_word' id='word_1_288' title='bbox 823 3400 883 3448; x_wconf 79' lang='lat' dir='ltr'><strong>miti</strong></span> <span class='ocrx_word' id='word_1_289' title='bbox 895 3399 984 3464; x_wconf 64' lang='lat' dir='ltr'><strong>fieta,</strong></span> <span class='ocrx_word' id='word_1_290' title='bbox 1009 3407 1057 3448; x_wconf 87' lang='lat' dir='ltr'><strong>ete.</strong></span> <span class='ocrx_word' id='word_1_291' title='bbox 1072 3395 1157 3448; x_wconf 83' lang='lat' dir='ltr'><strong>Senex</strong></span> 
     </span>
     <span class='ocr_line' id='line_1_32' title="bbox 1 3475 1158 3549; baseline 0 -21"><span class='ocrx_word' id='word_1_292' title='bbox 1 3479 2 3518; x_wconf 68' lang='grc' dir='ltr'>ἐ</span> <span class='ocrx_word' id='word_1_293' title='bbox 98 3478 256 3548; x_wconf 79' lang='lat' dir='ltr'><strong>conspectior</strong></span> <span class='ocrx_word' id='word_1_294' title='bbox 267 3479 298 3530; x_wconf 84' lang='lat' dir='ltr'><strong>fit</strong></span> <span class='ocrx_word' id='word_1_295' title='bbox 311 3476 497 3549; x_wconf 84' lang='lat' dir='ltr'><strong>extemporalis</strong></span> <span class='ocrx_word' id='word_1_296' title='bbox 516 3475 601 3528; x_wconf 87' lang='lat' dir='ltr'><strong>Phor·</strong></span> <span class='ocrx_word' id='word_1_297' title='bbox 646 3477 822 3530; x_wconf 70' lang='lat' dir='ltr'><strong>contutatum</strong></span> <span class='ocrx_word' id='word_1_298' title='bbox 837 3476 1103 3548; x_wconf 85' lang='lat' dir='ltr'><strong>Phormione,quum</strong></span> <span class='ocrx_word' id='word_1_299' title='bbox 1112 3495 1158 3548; x_wconf 87' lang='lat' dir='ltr'><strong>pa·</strong></span> 
     </span>
     <span class='ocr_line' id='line_1_33' title="bbox 1 3553 1158 3636; baseline 0.001 -28"><span class='ocrx_word' id='word_1_300' title='bbox 1 3597 2 3608; x_wconf 65' lang='grc'>,</span> <span class='ocrx_word' id='word_1_301' title='bbox 98 3556 189 3612; x_wconf 80' lang='lat' dir='ltr'><strong>minuis</strong></span> <span class='ocrx_word' id='word_1_302' title='bbox 199 3558 346 3636; x_wconf 77' lang='lat' dir='ltr'><strong>calliditas,</strong></span> <span class='ocrx_word' id='word_1_303' title='bbox 365 3559 413 3630; x_wconf 89' lang='lat' dir='ltr'><strong>qui</strong></span> <span class='ocrx_word' id='word_1_304' title='bbox 430 3575 487 3610; x_wconf 86' lang='lat' dir='ltr'><strong>rem</strong></span> <span class='ocrx_word' id='word_1_305' title='bbox 501 3556 603 3628; x_wconf 84' lang='lat' dir='ltr'><strong>judicio</strong></span> <span class='ocrx_word' id='word_1_306' title='bbox 622 3573 626 3584; x_wconf 87' lang='lat'><strong>·</strong></span> <span class='ocrx_word' id='word_1_307' title='bbox 645 3575 708 3609; x_wconf 86' lang='lat' dir='ltr'><strong>rum</strong></span> <span class='ocrx_word' id='word_1_308' title='bbox 722 3555 750 3607; x_wconf 89' lang='lat' dir='ltr'><strong>in</strong></span> <span class='ocrx_word' id='word_1_309' title='bbox 759 3553 862 3628; x_wconf 83' lang='lat' dir='ltr'><strong>judicio</strong></span> <span class='ocrx_word' id='word_1_310' title='bbox 871 3556 929 3627; x_wconf 86' lang='lat' dir='ltr'><strong>spei</strong></span> <span class='ocrx_word' id='word_1_311' title='bbox 941 3568 1096 3626; x_wconf 84' lang='lat' dir='ltr'><strong>reponeret,</strong></span> <span class='ocrx_word' id='word_1_312' title='bbox 1107 3555 1158 3609; x_wconf 88' lang='lat' dir='ltr'><strong>ho·</strong></span> 
     </span>
    </p>
   </div>
   <div class='ocr_carea' id='block_1_13' title="bbox 1 3635 1157 3947">
    <p class='ocr_par' dir='ltr' id='par_1_16' title="bbox 1 3635 1157 3791">
     <span class='ocr_line' id='line_1_34' title="bbox 1 3635 1157 3709; baseline 0.002 -21"><span class='ocrx_word' id='word_1_313' title='bbox 1 3663 2 3700; x_wconf 69' lang='lat'>;</span> <span class='ocrx_word' id='word_1_314' title='bbox 98 3635 336 3700; x_wconf 85' lang='lat' dir='ltr'><strong>delinitam,iterum</strong></span> <span class='ocrx_word' id='word_1_315' title='bbox 345 3640 373 3692; x_wconf 92' lang='lat' dir='ltr'><strong>in</strong></span> <span class='ocrx_word' id='word_1_316' title='bbox 382 3638 603 3709; x_wconf 85' lang='lat' dir='ltr'><strong>disceptationem</strong></span> <span class='ocrx_word' id='word_1_317' title='bbox 647 3647 720 3690; x_wconf 80' lang='lat' dir='ltr'><strong>nesta</strong></span> <span class='ocrx_word' id='word_1_318' title='bbox 742 3636 867 3696; x_wconf 69' lang='lat' dir='ltr'><strong>terentiae</strong></span> <span class='ocrx_word' id='word_1_319' title='bbox 885 3636 1100 3707; x_wconf 72' lang='lat' dir='ltr'><strong>praescriptione,</strong></span> <span class='ocrx_word' id='word_1_320' title='bbox 1122 3635 1157 3690; x_wconf 85' lang='lat' dir='ltr'><strong>ud</strong></span> 
     </span>
     <span class='ocr_line' id='line_1_35' title="bbox 1 3704 1157 3791; baseline -0.001 -23"><span class='ocrx_word' id='word_1_321' title='bbox 1 3704 2 3729; x_wconf 59' lang='lat'>¹</span> <span class='ocrx_word' id='word_1_322' title='bbox 98 3715 173 3779; x_wconf 83' lang='lat' dir='ltr'><strong>mitti,</strong></span> <span class='ocrx_word' id='word_1_323' title='bbox 186 3736 232 3772; x_wconf 85' lang='lat' dir='ltr'><strong>nee</strong></span> <span class='ocrx_word' id='word_1_324' title='bbox 241 3721 309 3791; x_wconf 78' lang='lat' dir='ltr'><strong>juria</strong></span> <span class='ocrx_word' id='word_1_325' title='bbox 327 3737 377 3773; x_wconf 82' lang='lat' dir='ltr'><strong>nee</strong></span> <span class='ocrx_word' id='word_1_326' title='bbox 397 3719 481 3771; x_wconf 84' lang='lat' dir='ltr'><strong>morie</strong></span> <span class='ocrx_word' id='word_1_327' title='bbox 492 3735 548 3770; x_wconf 83' lang='lat' dir='ltr'><strong>esse</strong></span> <span class='ocrx_word' id='word_1_328' title='bbox 561 3736 604 3771; x_wconf 86' lang='lat' dir='ltr'><strong>re·</strong></span> <span class='ocrx_word' id='word_1_329' title='bbox 647 3715 851 3768; x_wconf 82' lang='lat' dir='ltr'><strong>transactionem</strong></span> <span class='ocrx_word' id='word_1_330' title='bbox 859 3716 977 3768; x_wconf 86' lang='lat' dir='ltr'><strong>animum</strong></span> <span class='ocrx_word' id='word_1_331' title='bbox 987 3712 1157 3787; x_wconf 84' lang='lat' dir='ltr'><strong>adjicit,qua-</strong></span> 
     </span>
    </p>

    <p class='ocr_par' dir='ltr' id='par_1_17' title="bbox 1 3793 1157 3947">
     <span class='ocr_line' id='line_1_36' title="bbox 97 3793 1156 3866; baseline 0 -19"><span class='ocrx_word' id='word_1_332' title='bbox 97 3795 213 3866; x_wconf 80' lang='lat' dir='ltr'><strong>apondet.</strong></span> <span class='ocrx_word' id='word_1_333' title='bbox 226 3800 327 3850; x_wconf 80' lang='lat' dir='ltr'><strong>Boeeter.</strong></span> <span class='ocrx_word' id='word_1_334' title='bbox 647 3796 670 3849; x_wconf 85' lang='lat' dir='ltr'><strong>si</strong></span> <span class='ocrx_word' id='word_1_335' title='bbox 679 3813 710 3848; x_wconf 80' lang='lat' dir='ltr'><strong>ex</strong></span> <span class='ocrx_word' id='word_1_336' title='bbox 723 3795 808 3847; x_wconf 84' lang='lat' dir='ltr'><strong>altena</strong></span> <span class='ocrx_word' id='word_1_337' title='bbox 821 3803 895 3864; x_wconf 84' lang='lat' dir='ltr'><strong>parte</strong></span> <span class='ocrx_word' id='word_1_338' title='bbox 908 3793 987 3864; x_wconf 82' lang='lat' dir='ltr'><strong>legis,</strong></span> <span class='ocrx_word' id='word_1_339' title='bbox 1000 3793 1034 3846; x_wconf 89' lang='lat' dir='ltr'><strong>de</strong></span> <span class='ocrx_word' id='word_1_340' title='bbox 1041 3793 1156 3847; x_wconf 83' lang='lat' dir='ltr'><strong>dotanda</strong></span> 
     </span>
     <span class='ocr_line' id='line_1_37' title="bbox 1 3867 1157 3947; baseline -0.003 -18"><span class='ocrx_word' id='word_1_341' title='bbox 1 3867 2 3886; x_wconf 56' lang='lat'><strong>³</strong></span> <span class='ocrx_word' id='word_1_342' title='bbox 129 3877 189 3945; x_wconf 82' lang='lat'><strong>399.</strong></span> <span class='ocrx_word' id='word_1_343' title='bbox 200 3880 288 3944; x_wconf 73' lang='lat' dir='ltr'><strong>Quidni</strong></span> <span class='ocrx_word' id='word_1_344' title='bbox 298 3897 338 3929; x_wconf 82' lang='lat' dir='ltr'><strong>me</strong></span> <span class='ocrx_word' id='word_1_345' title='bbox 350 3881 464 3946; x_wconf 73' lang='lat' dir='ltr'><strong>oportatis.</strong></span> <span class='ocrx_word' id='word_1_346' title='bbox 477 3877 540 3931; x_wconf 86' lang='lat' dir='ltr'><strong>Sub.</strong></span> <span class='ocrx_word' id='word_1_347' title='bbox 560 3893 604 3929; x_wconf 84' lang='lat' dir='ltr'><strong>ex·</strong></span> <span class='ocrx_word' id='word_1_348' title='bbox 648 3892 729 3947; x_wconf 86' lang='lat' dir='ltr'><strong>quam</strong></span> <span class='ocrx_word' id='word_1_349' title='bbox 751 3874 889 3944; x_wconf 78' lang='lat' dir='ltr'><strong>proximus</strong></span> <span class='ocrx_word' id='word_1_350' title='bbox 908 3891 963 3926; x_wconf 88' lang='lat' dir='ltr'><strong>non</strong></span> <span class='ocrx_word' id='word_1_351' title='bbox 981 3871 1040 3924; x_wconf 76' lang='lat' dir='ltr'><strong>vult</strong></span> <span class='ocrx_word' id='word_1_352' title='bbox 1060 3871 1157 3927; x_wconf 87' lang='lat' dir='ltr'><strong>ducere</strong></span> 
     </span>
    </p>
   </div>
   <div class='ocr_carea' id='block_1_14' title="bbox 1 3927 1161 4107">
    <p class='ocr_par' dir='ltr' id='par_1_18' title="bbox 1 3927 1161 4107">
     <span class='ocr_line' id='line_1_38' title="bbox 1 3927 838 4024; baseline -0.006 -18"><span class='ocrx_word' id='word_1_353' title='bbox 1 3927 2 3946; x_wconf 36' lang='lat' dir='ltr'><strong>l</strong></span> <span class='ocrx_word' id='word_1_354' title='bbox 96 3954 193 4024; x_wconf 86' lang='lat' dir='ltr'><strong>pedire.</strong></span> <span class='ocrx_word' id='word_1_355' title='bbox 648 3954 723 4006; x_wconf 86' lang='lat' dir='ltr'><strong>orba.</strong></span> <span class='ocrx_word' id='word_1_356' title='bbox 739 3957 838 4003; x_wconf 82' lang='lat' dir='ltr'><strong>Boecter.</strong></span> 
     </span>
     <span class='ocr_line' id='line_1_39' title="bbox 130 4030 1161 4107; baseline -0.004 -19"><span class='ocrx_word' id='word_1_357' title='bbox 130 4043 188 4099; x_wconf 62' lang='lat' dir='ltr'><strong>too.</strong></span> <span class='ocrx_word' id='word_1_358' title='bbox 199 4039 267 4088; x_wconf 82' lang='lat' dir='ltr'><strong>Idsi.</strong></span> <span class='ocrx_word' id='word_1_359' title='bbox 280 4037 339 4089; x_wconf 87' lang='lat' dir='ltr'><strong>Lib.</strong></span> <span class='ocrx_word' id='word_1_360' title='bbox 356 4037 438 4107; x_wconf 81' lang='lat' dir='ltr'><strong>antiq.</strong></span> <span class='ocrx_word' id='word_1_361' title='bbox 449 4039 472 4088; x_wconf 83' lang='lat' dir='ltr'><strong>si</strong></span> <span class='ocrx_word' id='word_1_362' title='bbox 483 4039 517 4087; x_wconf 85' lang='lat' dir='ltr'><strong>id.</strong></span> <span class='ocrx_word' id='word_1_363' title='bbox 684 4038 743 4101; x_wconf 69' lang='lat'>409.</span> <span class='ocrx_word' id='word_1_364' title='bbox 762 4034 867 4095; x_wconf 75' lang='lat' dir='ltr'><strong>Iridetn,</strong></span> <span class='ocrx_word' id='word_1_365' title='bbox 884 4043 935 4084; x_wconf 89' lang='lat' dir='ltr'><strong>etc.</strong></span> <span class='ocrx_word' id='word_1_366' title='bbox 959 4030 1069 4084; x_wconf 86' lang='lat' dir='ltr'><strong>Perinde</strong></span> <span class='ocrx_word' id='word_1_367' title='bbox 1081 4033 1161 4101; x_wconf 85' lang='lat' dir='ltr'><strong>quasi</strong></span> 
     </span>
    </p>
   </div>
   <div class='ocr_carea' id='block_1_15' title="bbox 130 4107 1255 4182">
    <p class='ocr_par' dir='ltr' id='par_1_19' title="bbox 130 4107 1255 4182">
     <span class='ocr_line' id='line_1_40' title="bbox 130 4107 1255 4182; baseline -0.003 -16"><span class='ocrx_word' id='word_1_368' title='bbox 130 4122 189 4176; x_wconf 71' lang='lat'><strong>4⁰¹·</strong></span> <span class='ocrx_word' id='word_1_369' title='bbox 200 4119 309 4179; x_wconf 80' lang='lat' dir='ltr'><strong>Narras,</strong></span> <span class='ocrx_word' id='word_1_370' title='bbox 320 4132 523 4168; x_wconf 82' lang='lat' dir='ltr'><strong>commemoras.</strong></span> <span class='ocrx_word' id='word_1_371' title='bbox 649 4124 759 4182; x_wconf 80' lang='lat' dir='ltr'><strong>cognata</strong></span> <span class='ocrx_word' id='word_1_372' title='bbox 774 4122 849 4164; x_wconf 85' lang='lat' dir='ltr'><strong>esset.</strong></span> <span class='ocrx_word' id='word_1_373' title='bbox 866 4141 900 4151; x_wconf 89' lang='lat'>—</span> <span class='ocrx_word' id='word_1_374' title='bbox 914 4113 947 4161; x_wconf 87' lang='lat' dir='ltr'><strong>Id</strong></span> <span class='ocrx_word' id='word_1_375' title='bbox 963 4115 1046 4178; x_wconf 83' lang='lat' dir='ltr'><strong>quod,</strong></span> <span class='ocrx_word' id='word_1_376' title='bbox 1060 4125 1110 4170; x_wconf 75' lang='lat' dir='ltr'><strong>ete.</strong></span> <span class='ocrx_word' id='word_1_377' title='bbox 1128 4109 1161 4164; x_wconf 74' lang='lat' dir='ltr'><strong>tt</strong></span> <span class='ocrx_word' id='word_1_378' title='bbox 1250 4107 1255 4118; x_wconf 89' lang='grc'>’</span> 
     </span>
    </p>
   </div>
   <div class='ocr_carea' id='block_1_16' title="bbox 130 4193 982 4262">
    <p class='ocr_par' dir='ltr' id='par_1_20' title="bbox 130 4193 982 4262">
     <span class='ocr_line' id='line_1_41' title="bbox 130 4193 982 4262; baseline -0.008 -16"><span class='ocrx_word' id='word_1_379' title='bbox 130 4199 189 4255; x_wconf 69' lang='lat' dir='ltr'><strong>loa.</strong></span> <span class='ocrx_word' id='word_1_380' title='bbox 202 4197 316 4262; x_wconf 66' lang='lat' dir='ltr'><strong>Dignam.</strong></span> <span class='ocrx_word' id='word_1_381' title='bbox 326 4194 379 4247; x_wconf 83' lang='lat' dir='ltr'><strong>Ms.</strong></span> <span class='ocrx_word' id='word_1_382' title='bbox 393 4194 450 4248; x_wconf 86' lang='lat' dir='ltr'><strong>Par.</strong></span> <span class='ocrx_word' id='word_1_383' title='bbox 458 4196 561 4262; x_wconf 80' lang='lat' dir='ltr'><strong>justum.</strong></span> <span class='ocrx_word' id='word_1_384' title='bbox 649 4209 697 4262; x_wconf 89' lang='lat' dir='ltr'><strong>pro</strong></span> <span class='ocrx_word' id='word_1_385' title='bbox 707 4195 738 4242; x_wconf 83' lang='lat' dir='ltr'><strong>ob</strong></span> <span class='ocrx_word' id='word_1_386' title='bbox 752 4193 779 4240; x_wconf 82' lang='lat' dir='ltr'><strong>id</strong></span> <span class='ocrx_word' id='word_1_387' title='bbox 786 4227 793 4253; x_wconf 90' lang='lat'><strong>,</strong></span> <span class='ocrx_word' id='word_1_388' title='bbox 804 4193 938 4241; x_wconf 78' lang='lat' dir='ltr'><strong>secundnm</strong></span> <span class='ocrx_word' id='word_1_389' title='bbox 948 4193 982 4240; x_wconf 85' lang='lat' dir='ltr'><strong>id.</strong></span> 
     </span>
    </p>
   </div>
   <div class='ocr_carea' id='block_1_17' title="bbox 961 4285 1114 4368">
    <p class='ocr_par' dir='ltr' id='par_1_21' title="bbox 961 4285 1114 4368">
     <span class='ocr_line' id='line_1_42' title="bbox 961 4285 1114 4368; baseline 0.02 -3"><span class='ocrx_word' id='word_1_390' title='bbox 961 4285 1027 4368; x_wconf 68' lang='lat'><strong>18³</strong></span> <span class='ocrx_word' id='word_1_391' title='bbox 1109 4346 1114 4356; x_wconf 81' lang='lat'><em>·</em></span> 
     </span>
    </p>
   </div>
   <div class='ocr_carea' id='block_1_18' title="bbox 0 0 1512 5182">
    <p class='ocr_par' dir='ltr' id='par_1_22' title="bbox 0 0 1512 5182">
     <span class='ocr_line' id='line_1_43' title="bbox 0 0 1512 5182; baseline 0 4"><span class='ocrx_word' id='word_1_392' title='bbox 0 0 1512 5182; x_wconf 95' lang='lat' dir='ltr'><strong> </strong></span> 
     </span>
    </p>
   </div>
  </div>
 </body>
</html>
