3064 5180
362 549 553 620 HECYR.
582 551 809 622 PROLOG.
834 554 884 621 11.

103 688 212 754 Datum
234 683 274 750 iri
293 681 512 777 gladiatores;
530 681 675 778 populus
694 685 870 772 convolat3

101 787 366 868 Tumultuantur.
392 789 561 873 clamant,
577 807 728 885 pugnant
746 791 787 861 de
804 791 896 872 loco;

101 901 163 990 Ego
179 898 306 964 interea
323 921 436 966 meum
450 921 519 966 non
534 898 629 992 potui
646 900 747 967 tutari
762 898 884 968 locum.

101 1004 187 1072 Nunc
207 1003 309 1071 turba
326 1029 397 1073 non
414 1018 480 1092 est,
496 1005 602 1073 otium
617 1018 650 1073 et
670 1003 836 1076 silentium
854 1021 923 1090 est3

101 1108 217 1204 Agendi
235 1123 372 1206 tempus
392 1111 473 1180 mihi
487 1110 602 1180 datum
621 1125 689 1198 est,
711 1113 805 1182 vobis
825 1113 925 1184 datur

101 1219 237 1286 Potestas
258 1216 505 1288 condecorandi
523 1216 620 1288 ludos
637 1220 796 1289 scenicos.

102 1321 198 1391 Nolite
214 1324 327 1394 sinere
348 1349 411 1422 per
425 1349 486 1394 vos
500 1339 605 1394 artem
622 1327 782 1396 musicam

101 1429 247 1498 Recidere
262 1431 308 1499 ad
327 1455 452 1525 paucos
470 1458 478 1499 ε
501 1431 599 1502 facite
614 1447 652 1501 ut
672 1448 784 1503 vestra
799 1436 978 1505 auctoritas

101 1537 173 1606 lleae
190 1539 386 1608 auctoritati
401 1539 522 1608 fautrix
539 1539 749 1634 adjutrixque
764 1541 816 1610 sit.

100 1791 162 1866 quod
183 1793 316 1866 sequitur,
339 1813 394 1847 non
415 1793 532 1867 judicio,
559 1791 607 1848 sed
651 1792 1166 1867 rum‚quibuspuleherrimadetrabeu·

100 1873 289 1943 pertubatione
302 1874 404 1926 lactum
416 1873 457 1926 eit.
472 1879 536 1924 Dos.
652 1882 881 1938 tornamento,
895 1875 916 1928 si
931 1875 1013 1927 nimia
1025 1873 1167 1928 acerbitate

128 1957 166 2016 to.
177 1955 353 2017 Gladiatores,
365 1971 433 2024 pro,
445 1954 532 2025 ipsam
545 1969 605 2024 spe·
651 1950 817 2006 audientium
833 1953 1009 2008 excludantur
1028 1967 1166 2026 poetarum

101 2031 218 2083 etatulam
230 2030 424 2102 gladiatorum.
447 2043 451 2054 '
651 2030 747 2084 fabulae
760 2033 790 2085 in
802 2031 845 2086 his
858 2033 929 2087 ludis
939 2032 1060 2087 edenda.
1078 2033 1167 2086 Locus

126 2115 164 2174 ir.
183 2115 385 2163 t'eimulmuuu.
404 2110 478 2164 lunt.
494 2108 536 2162 ed.
557 2114 607 2160 Tu·
652 2111 741 2182 magni
749 2111 883 2183 ponderis,
891 2114 966 2167 uteit
976 2113 1167 2179 Dacieriunee

102 2193 219 2242 uiuat.
231 2217 270 2230 -
283 2194 411 2242 &amant
424 2190 454 2244 C.
474 2189 506 2242 G.
527 2208 563 2242 m.
583 2204 610 2241 et
651 2190 716 2244 setis
728 2191 796 2244 bene
811 2191 900 2246 adbuc
914 2193 1077 2262 explanatus.

101 2271 204 2322 eluant.
224 2299 261 2310 -
279 2275 409 2338 Pugnant.
427 2268 515 2322 Marla.
533 2288 608 2338 repu-
688 2273 730 2333 46.
741 2276 826 2322 Artem
840 2276 968 2325 musicam.
982 2270 1042 2325 Vid.
1058 2289 1131 2344 supr.
1141 2291 1166 2324 v.

101 2362 178 2420 grant.
194 2379 230 2389 -
244 2356 368 2417 Pugnant
387 2352 419 2400 de
439 2352 501 2402 loeo.
526 2347 608 2414 Quod
654 2347 697 2409 23,
712 2361 738 2401 et
752 2350 855 2405 ibinot.

99 2427 209 2482 nimirum
224 2429 253 2482 in
269 2427 325 2482 hoc
341 2427 495 2500 spectaculo
515 2444 608 2480 omnes
689 2433 731 2498 47.
741 2433 855 2484 Recidere
864 2434 901 2484 ad
908 2429 1166 2500 paucos,tractaria

99 2508 236 2578 pomiscue
249 2509 388 2576 sederent,
397 2527 480 2580 quum
495 2508 522 2562 in
533 2508 607 2562 tbca-
652 2508 833 2579 paucioribus.

100 2599 134 2640 tro
143 2587 271 2644 distincta
284 2602 374 2644 essent
392 2589 516 2642 subsellia
538 2587 609 2642 ordi·
690 2589 733 2650 48.
748 2588 827 2642 Hunc
836 2607 942 2644 versum
954 2601 980 2642 et
993 2599 1046 2642 tres
1060 2607 1168 2660 sequeu-

100 2669 328 2722 oum.West.—De
334 2668 527 2723 haerectvat.
536 2669 607 2722 Max.
654 2678 693 2720 tes
710 2669 806 2724 omittit
820 2669 899 2723 Both.
912 2686 981 2741 quos
994 2681 1055 2740 apte
1068 2668 1169 2741 positos

101 2743 171 2812 ΠΛ,
186 2768 210 2800 a.
652 2759 742 2800 censet
761 2748 791 2802 iu
812 2749 957 2803 Heautont.
979 2747 1105 2818 Prologo,
1125 2747 1169 2801 bic

129 2833 167 2890 la.
177 2831 235 2879 Nou
241 2829 321 2894 potui
332 2829 409 2878 meari
416 2829 504 2878 locum.
515 2826 609 2880 Facete
653 2827 753 2882 miuus.
772 2859 806 2870 -
826 2831 911 2882 Facite
929 2842 957 2880 ut
972 2841 1057 2879 uestra
1073 2841 1167 2879 auctor.

101 2905 181 2976 repetit
193 2905 299 2968 locum,
307 2924 374 2958 vers.
385 2904 610 2978 praecedentis3et
654 2913 721 2958 Meae
739 2910 894 2971 auctoritati,
920 2917 970 2960 etc.
993 2907 1054 2960 Duo
1077 2925 1169 2960 aeneus

102 2995 133 3035 est
145 2984 213 3040 heus
227 2985 332 3040 theatri
343 2984 374 3038 in
385 3003 442 3057 quo
462 2985 519 3057 ipse
536 2997 609 3038 actor
653 2986 736 3059 accipi
744 3000 866 3060 pomum,
876 3006 908 3040 ex
917 2985 1018 3058 duplici
1028 2993 1070 3039 τοῦ
1083 3003 1170 3038 wete-

8 3055 9 3104 ἶ
101 3066 190 3136 ,μω
653 3070 714 3120 ritas
732 3067 957 3138 interpretatione.
978 3091 991 3112 ι
1001 3065 1058 3118 Vos
1067 3083 1166 3118 comm-

129 3145 168 3210 43.
182 3150 267 3198 Turba
278 3164 328 3198 uon
338 3143 462 3216 estvulg.
472 3147 544 3196 turba
555 3147 609 3197 uul-
654 3145 711 3200 dias
724 3166 809 3218 quum
823 3147 935 3202 libenter
951 3145 1046 3198 audire
1065 3146 1171 3218 caeperi-

8 3277 10 3302 ‚
101 3228 167 3276 laesa.
177 3225 327 3298 Sequimur
336 3223 609 3290 nosBentL—Turba,
653 3226 696 3292 tis,
709 3227 760 3279 erit
771 3225 890 3280 studium
901 3226 1075 3299 scriptoribus
1085 3229 1169 3278 maxi·

101 3322 177 3374 grece
197 3303 308 3376 utpute.
322 3335 358 3346 --
371 3307 476 3355 Turbam
487 3302 610 3356 animad·
654 3323 737 3358 mum.
753 3305 834 3359 Unde
846 3325 906 3360 mea
921 3305 954 3359 ad
967 3304 1100 3376 agendum
1113 3323 1168 3359 cre

8 3407 9 3414 ¹
103 3385 169 3438 rertit
183 3386 308 3438 Donatus
328 3382 422 3437 reterri
438 3382 473 3436 ad
489 3381 517 3436 id
536 3381 610 3456 quod
654 3398 709 3438 acet
720 3384 877 3452 aisctoritas3
890 3385 1030 3457 siquidem
1037 3385 1169 3457 multiper

8 3457 9 3516 i
102 3481 168 3535 upra
178 3465 257 3526 dixit,
271 3466 610 3525 clamormulienmrrocium
655 3483 699 3518 me
713 3465 865 3536 placebunt.
875 3491 888 3512 ι
909 3465 979 3520 Gall.
992 3476 1170 3530 verteremus,

8 3535 10 3598 l
103 3545 150 3614 apl<
160 3545 186 3597 ri
197 3558 333 3615 pugnatun
351 3545 489 3607 sitentium,
508 3543 566 3614 πρὸς
582 3542 609 3596 τὸ
655 3559 726 3598 votre
737 3549 817 3598 credit
833 3548 977 3596 soutierrdra
991 3549 1015 3598 le
1034 3547 1108 3596 mieu.
1117 3545 1169 3598 Vel

103 3627 208 3677 mant.
656 3623 774 3696 explica:
789 3650 802 3670 α
811 3626 906 3677 Vestra
920 3625 1076 3695 approbatio
1086 3624 1171 3678 faveat

131 3708 169 3766 ii.
176 3709 291 3773 Tempus.
301 3702 504 3775 Opportunitas,
518 3719 612 3774 grace,
655 3703 844 3778 approbationi
864 3723 946 3776 quam
968 3703 1026 3775 ipse
1043 3704 1170 3757 Terentio

8 3777 10 3850 l
105 3785 324 3855 simpla-Mili
336 3787 421 3835 datiam
435 3797 480 3840 esc.
491 3781 540 3836 llis
549 3801 610 3854 pro·
656 3783 786 3846 concessi,
806 3801 891 3856 quum
910 3801 971 3836 eum
986 3783 1065 3836 tutari
1079 3795 1104 3836 et
1117 3783 1170 3836 eri-

8 3861 11 3934 ’ξ
103 3860 171 3915 batur
196 3861 284 3916 tertiae
308 3861 431 3915 editionis
455 3861 529 3915 buno
555 3879 611 3915 eree
648 3864 758 3936 'geroio
777 3882 819 3917 me
833 3863 1022 3934 susceperim„
1035 3863 1105 3915 Gall.
1123 3883 1170 3930 que

9 3977 10 4016 p
104 3942 246 4014 prologum.
656 3958 728 3996 voire
742 3946 874 4012 jugement
890 3945 982 3995 uieuue
1005 3946 1134 4014 confirmer
1146 3947 1170 3993 le

133 4022 300 4084 dadolenae
311 4025 443 4074 conderer.
458 4025 508 4076 lud.
519 4025 609 4074 sceeric.
660 4029 739 4087 mian,
753 4045 801 4092 que
813 4039 885 4076 notre
899 4025 1015 4091 saffrage
1027 4025 1075 4074 soit
1092 4026 1115 4072 Ie
1123 4041 1169 4088 gu-

9 4123 10 4146 :
105 4097 217 4154 lemnon
226 4101 611 4174 deTerentio‚uecdepopulo
656 4119 715 4156 rane
729 4107 849 4155 dumien.
865 4102 954 4167 Quem
965 4101 1072 4174 quidem
1083 4112 1169 4172 poste-

106 4177 201 4248 quidm
221 4180 344 4252 loquitur
362 4193 450 4243 auton
464 4199 556 4234 verum
575 4181 612 4234 ait
656 4182 754 4235 riorem
770 4202 878 4238 sensum
894 4182 1017 4238 libentius
1028 4181 1172 4253 amplecte-

106 4254 217 4316 interm
227 4259 355 4314 ludorum
365 4261 531 4315 scenicorum
541 4261 611 4333 ipso-
656 4281 754 4314 remur.
