3016 5182
375 517 450 595 306
591 505 774 580 PUBLII
801 495 1060 570 TERENTII
1086 493 1210 561 AFRI

372 661 410 726 A.
430 651 522 734 Eho,
544 643 704 724 verbero,
726 632 815 705 aliud
833 631 915 700 mihi
935 624 1112 721 respondes
1135 647 1174 692 ac
1192 645 1285 717 rogo.

375 765 417 833 G.
436 753 528 847 Quid
546 774 626 844 ergo
644 739 779 814 narras?
797 743 835 810 A.
853 733 945 826 Quid
965 757 1027 826 ego
1046 727 1200 800 narrem?
1212 751 1316 824 opem
1330 741 1385 796 tuo

375 866 428 936 Ad
450 861 562 931 restim
582 855 628 924 mi
648 849 781 946 quidem
802 869 854 915 res
875 840 972 910 rediit
987 837 1196 933 planissume.
1392 853 1427 891 ee.

374 975 423 1042 Ut
441 984 475 1038 te
495 963 629 1061 quidem
649 979 765 1027 omnes
782 952 828 1022 Dt
844 951 1005 1040 necque,
1022 944 1158 1037 Superi,
1174 940 1278 1011 Inferi

376 1074 476 1147 Malis
493 1063 651 1162 exemplis
664 1053 822 1158 perdunt!
841 1056 939 1140 hem,
955 1053 982 1121 si
1002 1049 1082 1145 quid
1098 1047 1197 1132 velis,

377 1185 465 1254 Huic
480 1175 635 1255 mandes,
655 1170 712 1264 qui
732 1163 825 1236 tend
843 1157 1015 1254 scopulum
1033 1180 1052 1224 e
1070 1151 1247 1248 tmnquillo
1264 1151 1398 1221 auferat.

378 1286 470 1379 Quid
489 1283 598 1353 minus
616 1272 729 1345 utibile
748 1271 827 1353 fnit,
850 1290 949 1361 quam
965 1263 1031 1331 hoc
1051 1259 1145 1330 ulcus
1168 1275 1322 1353 tangere,

380 1401 447 1466 Aut
467 1391 637 1459 nominare
655 1371 821 1449 uxorem?
840 1373 960 1465 injecta
979 1382 1030 1436 est
1045 1391 1120 1461 spes
1140 1367 1243 1462 patri,
1401 1380 1433 1431 ⁶⁹0

382 1505 481 1571 Posse
499 1493 588 1564 illam
607 1485 736 1558 extrudi
754 1509 762 1550 ε
784 1479 884 1563 cedo,
902 1499 992 1545 nunc
1009 1497 1111 1568 porro
1126 1471 1286 1542 Phormio

381 1601 553 1678 Dotemsi
572 1594 726 1688 accipiet,
747 1613 832 1657 uxor
850 1580 1000 1653 ducenda
1018 1593 1068 1648 est
1088 1578 1235 1647 domum.

381 1711 470 1801 Quid
488 1702 565 1776 fiet?
582 1705 626 1772 G.
644 1702 720 1766 Non
738 1695 825 1763 enim
844 1691 952 1758 ducet.
971 1689 1008 1754 A.
1030 1685 1137 1757 Novi:
1157 1697 1315 1753 caeterum

384 1893 521 1957 orationid.
533 1894 643 1947 Dixerat
651 1885 769 1958 Antipho
780 1902 786 1937 :
798 1880 894 1937 «Sotio-
976 1876 1036 1929 688.
1047 1876 1108 1926 niue
1119 1876 1229 1925 mandes.
1240 1872 1328 1943 Vulgo
1335 1888 1441 1943 sequun-

385 1998 419 2032 ne
433 1991 507 2050 putus
521 1987 547 2027 te
561 1970 666 2032 secisse,
678 1963 751 2038 quod
763 1981 779 2016 a
789 1961 894 2014 senibus
940 1967 985 2008 tur
998 1953 1079 2006 verba
1090 1992 1098 2017 ,
1111 1955 1180 2020 quod
1192 1953 1288 2021 quidem
1305 1965 1369 2002 reete
1380 1969 1442 2002 cm.

388 2069 525 2130 argentum
550 2046 686 2108 hauserim
707 2041 807 2095 nullum
832 2057 896 2092 vem
941 2029 1443 2102 tumvelis.Sedhuncintegiumvereum

387 2155 480 2194 curam
497 2131 549 2185 mel
567 2121 730 2181 liubanici»
746 2116 899 2190 Respondet
941 2131 957 2165 a
984 2110 1119 2184 plerisque
1145 2107 1273 2161 omissum
1294 2107 1366 2174 Nos,
1391 2122 1444 2180 poet

391 2227 481 2272 antem
498 2210 583 2271 Geta,
602 2201 677 2276 qumi
697 2197 814 2268 Antipho
827 2211 899 2268 quae-
943 2192 1088 2251 Perletum,
1099 2206 1160 2241 eum
1170 2187 1246 2240 Bent.
1256 2187 1327 2240 Mur.
1340 2187 1444 2240 etBotli.

391 2306 473 2359 reret,
483 2310 517 2344 an
526 2298 599 2340 tanto
610 2290 718 2352 urgento
728 2294 801 2330 eenee
810 2291 901 2328 emun-
943 2287 974 2324 ex
997 2265 1111 2338 Adelph.
1134 2263 1202 2336 373,
1225 2265 1279 2318 huc
1304 2263 1445 2318 traductum

393 2376 486 2436 xieeet‚
499 2377 627 2440 quantum
641 2355 767 2412 Phaedria
779 2353 842 2408 eatis
860 2369 901 2404 ee·
944 2345 1134 2420 putaverimus.
1154 2373 1190 2385 -
1201 2343 1320 2412 Auserem
1334 2345 1398 2396 Ver.
1412 2347 1445 2395 iu·

394 2464 446 2510 eet:
457 2449 518 2503 ideo
527 2443 666 2498 dieit:«un
675 2435 736 2491 eutis
745 2435 789 2495 eit,
799 2430 902 2493 nescim
938 2429 1026 2497 serat,
1043 2425 1153 2492 afferat,
1174 2423 1282 2492 aip‘erat.
1301 2453 1334 2464 -
1349 2426 1409 2491 Qui,
1421 2433 1446 2476 ut

394 2531 442 2586 eed
451 2536 581 2601 quantum
589 2522 675 2593 jneenu
684 2533 743 2568 eum
752 2509 904 2584 providere,
947 2503 1001 2558 ille.
1016 2534 1052 2543 -
1062 2505 1106 2554 Ad
1116 2505 1209 2569 scopul.
1221 2518 1236 2551 e
1249 2505 1376 2568 tranquill.
1392 2501 1447 2554 Sen-

396 2622 498 2665 teutum
510 2621 553 2656 me
563 2595 709 2673 providisse
723 2592 806 2646 ecio·
850 2626 852 2628 -
948 2601 993 2638 ene
1004 2593 1056 2634 est:
1070 2591 1100 2633 ut
1112 2579 1159 2633 ille
1172 2591 1199 2633 te
1212 2599 1244 2633 ex
1257 2600 1288 2634 re
1299 2582 1448 2654 tranquillit-

433 2686 493 2740 683.
511 2671 743 2745 Verboro,ssagrio.
757 2664 906 2722 Subuand·
950 2664 1016 2716 eima
1038 2660 1067 2712 in
1089 2675 1222 2712 nummum
1240 2660 1400 2732 pericnlum,
1413 2661 1450 2714 vel

399 2783 463 2821 vum
484 2773 538 2825 eet,
554 2769 580 2811 ct
600 2752 751 2808 convicium
767 2750 796 2800 in
819 2759 908 2798 servos
951 2738 1092 2814 perniciem
1104 2739 1237 2811 projiciat.

399 2847 493 2900 Plauto
503 2841 635 2910 frequent.
648 2859 684 2872 -
698 2830 776 2880 Aliud
789 2845 821 2876 ac
836 2841 906 2890 rogo.
987 2821 1048 2888 689.
1065 2820 1160 2870 utibile.
1174 2819 1216 2870 Al.
1237 2812 1373 2888 miiitiae,
1391 2825 1450 2872 utile.

401 2929 548 2996 Rogaverat
558 2915 629 2969 enim
642 2907 772 2978 Antipho,
789 2904 850 2972 quid
861 2901 911 2968 egi·
953 2927 989 2942 --
1009 2899 1075 2967 Quid
1088 2899 1166 2948 minus
1184 2899 1275 2950 utibile.
1289 2899 1362 2965 Quid
1374 2902 1452 2954 mim„

405 3007 459 3057 stit
472 2998 514 3060 [Id
536 3005 594 3057 eet,
617 3007 673 3044 uon
693 2979 843 3059 quantum?
865 2977 912 3032 sed
955 2981 984 3033 in
1005 2997 1062 3032 nem
1076 2987 1179 3040 meam,
1200 2978 1288 3030 minus
1306 2980 1369 3034 mihi
1390 2999 1454 3034 com·

403 3078 488 3155 quid?
956 3055 1085 3111 modum?
1095 3087 1131 3098 ·-
1144 3060 1216 3107 Ulcus
1227 3069 1334 3127 tangere.
1341 3059 1396 3113 Hoc
1410 3071 1454 3118 est,

441 3159 503 3219 684.
527 3152 594 3219 Quid
609 3165 656 3216 ego
675 3149 793 3196 narrem?
806 3137 871 3192 Sub.
885 3145 915 3188 tu
957 3137 1075 3192 dolorem
1089 3134 1212 3187 excitare.
1226 3135 1308 3201 Quod
1323 3138 1455 3210 signifieat,

407 3237 599 3304 audesrogare.
649 3267 651 3272 ,
958 3215 1118 3269 mentionem
1132 3213 1288 3282 facererei,
1302 3235 1361 3288 que
1374 3217 1455 3278 alteri.

445 3292 917 3368 685.Adrestim,etc.Forninlnde·
961 3294 994 3348 ud
1021 3311 1102 3365 quem
1126 3293 1276 3364 pertineat,
1300 3295 1397 3368 ingrata
1419 3297 1457 3350 sit.

410 3373 919 3468 sperationieAEestisidemeeteclunie,
961 3371 1063 3430 Gallice
1091 3370 1191 3424 dicitnr
1216 3371 1278 3425 item
1303 3374 1457 3446 figurative:

412 3477 531 3544 laqueus.
544 3459 675 3520 Sententia
688 3469 746 3511 eet:
761 3453 853 3506 «Nihil
865 3455 919 3524 jam
963 3461 1077 3504 «mettre
1088 3449 1114 3501 le
1128 3449 1201 3520 doigt
1214 3469 1259 3514 eur
1272 3451 1299 3506 la
1311 3453 1406 3524 plaia.

413 3552 481 3606 mihi
494 3555 614 3618 superest
625 3537 713 3600 alind,
726 3535 775 3588 nisi
788 3543 816 3586 ut
829 3533 920 3584 abeam
999 3533 1060 3596 690.
1086 3531 1241 3596 Nomium,
1267 3531 1383 3604 intellige
1404 3549 1459 3603 unp·

415 3643 442 3685 et
453 3623 611 3698 suspendam
623 3635 695 3671 me.»
965 3608 1080 3682 plendo:
1096 3625 1185 3660 coram
1199 3619 1281 3678 patre.

453 3709 513 3760 686.
525 3708 556 3754 Ut
566 3717 601 3762 te,
613 3710 664 3751 etc.
675 3689 812 3756 subaudi,
825 3689 922 3751 velim,
1001 3691 1062 3757 692.
1085 3693 1156 3738 Uxor
1173 3683 1296 3740 ducenda'
1309 3703 1344 3740 est
1362 3693 1460 3740 domiin.

417 3801 522 3864 precor.
967 3766 1117 3829 Phanium,
1142 3765 1240 3819 fuctum
1266 3767 1317 3820 eibi
1342 3783 1462 3828 uxorem,

454 3867 515 3933 687.
535 3858 609 3910 Malis
621 3852 747 3919 exemplis.
764 3847 850 3900 Poenie
868 3863 926 3918 gru·
967 3863 1057 3899 secum
1076 3841 1199 3897 obducet.
1222 3845 1265 3899 Sic
1283 3857 1338 3898 emt
1357 3863 1461 3898 necesse.

420 3942 555 4001 victibus,
565 3951 625 4005 qne
637 3928 736 3984 ceteris
745 3925 862 3996 exemplu
873 3925 928 3978 sint
968 3925 1024 3989 Qui
1033 3941 1131 3994 nempe
1140 3921 1228 3976 dotem
1240 3925 1358 3996 accipiet,
1364 3925 1388 3977 ei
1396 3923 1464 3976 etiem

421 4041 447 4083 et
460 4024 630 4077 documento,
644 4006 773 4081 nequid,
792 4005 882 4060 itidem
897 4025 928 4058 uc
972 4001 1094 4056 ducenda
1105 4014 1144 4054 eet
1155 4021 1232 4056 uxor.

421 4121 464 4169 tu,
474 4105 594 4174 peccent.
602 4119 636 4134 ι-
646 4091 672 4140 Si
680 4089 822 4157 quidvelis,
833 4083 928 4156 siquid
1006 4081 1067 4150 693.
1084 4085 1151 4149 Quid
1152 4086 1217 4153 fiee,
1231 4102 1293 4157 nup.
1307 4083 1340 4137 de
1351 4103 1402 4136 me.
1411 4084 1465 4148 Quo

421 4182 498 4242 cordi
508 4175 614 4238 hebetis.
625 4165 790 4224 Generaliter
800 4162 911 4218 dictum.
972 4179 1013 4214 reu
1032 4159 1145 4214 evadet?
1161 4193 1197 4204 -
1213 4165 1284 4218 Novi.
1305 4162 1384 4218 Unde
1402 4161 1468 4216 notit
