3120 5178
398 575 445 647 7⁰
488 631 489 639 ἵ
617 549 801 618 PUBLI'I
828 549 1086 617 TERENTII
1113 549 1232 618 AFRI

303 702 306 712 ·
395 683 511 753 Alieno
529 707 536 750 :
552 695 648 777 pater
665 682 693 751 is
711 681 792 750 nibil
813 681 950 776 pendit:
972 681 1026 750 bei
1041 676 1141 752 inibi!

395 791 532 860 Utinam
552 789 608 856 hic
629 805 735 883 prope
756 787 885 858 adesset
905 787 1044 866 alicubi,
1062 801 1160 882 atque
1177 787 1307 858 audiret
1318 789 1398 860 haec.

396 899 485 966 Hno.
499 896 571 964 Nisi
581 894 784 988 facientque
795 893 867 964 illos
876 919 1006 988 equum
1019 896 1076 981 ’st,
1088 893 1177 962 haud
1188 896 1234 963 sic
1246 895 1406 966 auferent.
1423 919 1462 962 iss

395 1003 480 1070 Gur.
496 1003 536 1070 In
550 1015 583 1070 te
600 1025 676 1095 spes
692 1001 818 1086 omnis,
841 1002 965 1094 Hegio,
984 999 1080 1070 nobis
1094 1001 1154 1070 sito
1175 1014 1233 1070 est.

395 1109 443 1174 Te
459 1106 565 1175 solum
587 1107 747 1175 habentus
760 1132 770 1192 3
784 1121 820 1174 tu
835 1132 870 1175 es
889 1121 1066 1200 patronus,
1091 1119 1127 1174 tu
1145 1130 1274 1201 parens.

394 1210 455 1281 llle
471 1213 531 1282 tibi
551 1214 697 1281 moriens
715 1233 776 1281 nos
792 1211 1037 1282 commendavit
1058 1236 1168 1280 senex.

395 1319 430 1387 Si
444 1317 566 1388 deseris
582 1333 637 1404 tu,
656 1321 815 1414 perimus.
837 1321 927 1394 Huc..
944 1317 1036 1386 Co've
1053 1316 1197 1386 dixeris:

322 1480 325 1486 .
395 1423 513 1518 Neque
531 1424 663 1509 faciam,
677 1445 784 1517 neque
797 1447 851 1491 rue
866 1421 944 1492 sutis
964 1424 1017 1517 pie
1035 1447 1132 1517 posse
1143 1422 1294 1492 arbitror.
1422 1453 1462 1495 re.

396 1533 463 1599 Du·
478 1529 607 1600 Adibo:
624 1528 750 1600 salvere
765 1531 949 1624 Hegionem
961 1529 1140 1622 plurimum

395 1636 513 1705 Jubeo.
536 1635 627 1704 llus.
645 1636 720 1720 Oh,
736 1649 769 1704 te
790 1636 977 1730 quaerebam
998 1637 1106 1729 ipsum
1131 1661 1139 1703 ε
1162 1631 1266 1720 salve,
1285 1637 1422 1706 Demea.

396 1743 461 1811 Du.
486 1740 576 1830 Quid
595 1741 725 1810 autem?
740 1745 830 1812 Huc..
851 1742 961 1835 Major
976 1740 1062 1809 filius
1080 1760 1155 1809 tuus
1173 1743 1361 1830 AEschinus‚

396 1849 506 1936 Quem
526 1846 620 1916 fratri
641 1843 866 1942 adoptandum
889 1843 1024 1933 dedisti,
1048 1857 1155 1940 neque
1172 1847 1266 1934 boni,

397 1949 512 2048 Neque
527 1949 670 2023 liberalis
688 1951 820 2024 functus
842 1951 991 2024 officium
1010 1967 1060 2023 est
1077 1953 1150 2022 viri.
1423 1980 1461 2026 tes

399 2171 439 2220 vit.
455 2169 495 2219 De
506 2165 670 2220 citharistria
683 2165 762 2238 hujus
774 2167 903 2238 raptione.
988 2163 1054 2230 458.
1065 2165 1119 2224 Ille.
1129 2165 1215 2220 Senex
1224 2178 1299 2238 puter
1309 2165 1462 2238 Pamphilu,

438 2245 504 2309 453.
522 2247 598 2298 Pater
613 2248 633 2297 is
647 2245 709 2298 ntttt
723 2245 815 2316 pendit.
831 2243 904 2317 Guy.
951 2245 1088 2312 simulas„

397 2338 469 2396 puter
486 2325 592 2378 idniltili
599 2325 691 2396 pendit.
707 2357 746 2366 --
764 2327 806 2378 uti
819 2327 906 2378 alieno.
992 2325 1056 2393 459.
1076 2324 1105 2377 Si
1119 2325 1206 2376 deseris
1223 2329 1259 2377 tie.
1277 2325 1326 2378 Mt.
1343 2328 1460 2400 Trujeet.

398 2405 459 2468 Illi,
472 2405 518 2476 qui
529 2415 618 2457 tamen
626 2421 683 2457 uon
693 2415 731 2457 est
741 2405 909 2476 propinquus
950 2423 994 2476 up.
1003 2402 1093 2459 West.
1107 2403 1266 2457 uos—Cave
1277 2405 1383 2458 demet:
1396 2404 1462 2479 Neq.

400 2485 679 2555 genere—Pataris.
694 2484 793 2548 Micio,
809 2486 858 2555 qui
874 2483 908 2536 il-
944 2475 1003 2540 fec.
1023 2484 1090 2535 Vult
1110 2484 1196 2553 Hegio
1216 2484 1311 2537 Genus
1333 2488 1461 2555 ιῦφημιῑν,

399 2564 455 2616 luru
467 2563 610 2635 edoptttit.
950 2581 1039 2634 neque
1048 2563 1089 2615 uti
1098 2579 1163 2616 voce
1171 2559 1376 2635 deseris‚utpote
1386 2565 1461 2617 melu

441 2644 507 2707 ⁴⁵4·
526 2643 605 2714 Prope
621 2643 722 2696 ebeste
742 2641 832 2696 Botliii
850 2641 906 2695 edi·
950 2653 1019 2696 notte
1031 2655 1058 2695 et
1068 2642 1172 2695 ominis.
1188 2641 1267 2696 Unde
1280 2643 1337 2714 ipse
1350 2643 1462 2697 abstinet

399 2723 481 2777 tione.
491 2754 530 2766 -
541 2723 599 2774 Hie.
613 2720 687 2774 Idem
701 2723 791 2775 Micio.
803 2755 842 2764 -
854 2723 908 2775 Au·
952 2721 1080 2787 diceres·
1090 2739 1146 2774 non
1158 2721 1315 2786 deserum.»
1329 2722 1460 2778 seddieit.

401 2801 463 2855 diret
474 2803 535 2855 lroee.
545 2802 614 2868 Qute
629 2801 714 2873 Hegio
728 2799 856 2874 loquitur.
951 2821 1004 2874 neq.
1012 2805 1113 2869 faciam.
1125 2801 1217 2855 Perlet.

441 2881 508 2942 655.
526 2881 583 2935 Nisi
593 2882 696 2950 sacient.
713 2881 795 2953 Eugr.
816 2881 849 2934 Ni
860 2881 907 2946 su·
994 2881 1056 2946 460.
1071 2877 1137 2933 Setis
1149 2885 1198 2954 pie.
1215 2882 1269 2935 Pru
1283 2881 1400 2954 simplici
1410 2886 1460 2953 pie.

402 2965 477 3016 ciant.
490 2959 617 3030 deferrent.
630 2961 720 3014 Guelf.
735 2977 765 3027 u,
779 2959 908 3026 afferrent.
952 2989 993 3001 --
1006 2961 1090 3014 Posse.
1104 2961 1167 3015 Sub.
1184 2960 1214 3014 id
1228 2962 1329 3025 lucere,
1345 2979 1393 3016 vos
1415 2962 1461 3015 de·

405 3041 450 3096 br.
469 3041 581 3107 offerent.
594 3073 634 3084 -
646 3043 704 3098 Nisi
708 3039 813 3106 faeiat.
827 3041 909 3093 htel-
952 3055 1048 3094 serere.
1070 3068 1108 3082 --
1128 3041 1199 3093 Beue
1219 3043 1343 3112 congruit
1360 3045 1388 3095 τὸ
1406 3047 1461 3113 pie,

332 3125 339 3132 “
402 3123 473 3192 lige,
492 3121 654 3186 AErcbinus,
675 3121 757 3173 Micio
777 3131 802 3172 et
823 3121 910 3174 omnis
953 3137 1013 3173 eum
1031 3119 1118 3173 verbis
1135 3120 1226 3183 Getis,
1244 3135 1381 3192 parentem
1400 3139 1461 3175 eum

403 3201 510 3253 lumiliu.
529 3233 568 3243 -
590 3201 653 3270 Quo
673 3200 728 3252 illos
750 3217 842 3271 ωᾳιιωιι
865 3213 907 3254 est.
953 3200 1263 3270 vocontis;pietuseuiru
1276 3213 1360 3255 tuma
1373 3203 1463 3272 pueris

403 3279 467 3332 Sub.
490 3277 576 3333 faeere
597 3277 630 3331 ed
649 3278 824 3350 reparandum
839 3279 908 3350 iuju·
955 3278 989 3331 ad
1002 3293 1141 3350 parentes,
1158 3291 1216 3333 turn
1233 3281 1414 3354 aparatibus
1429 3283 1461 3335 ud

403 3359 479 3412 riom.
500 3390 539 3401 —
559 3357 637 3410 Haud
655 3363 689 3411 sie
709 3360 826 3424 miserem.
847 3359 909 3411 Non
951 3375 1049 3430 puerus
1077 3357 1207 3414 defertur.
1234 3363 1318 3432 Hegio
1338 3373 1461 3415 ceterum

403 3437 558 3494 subtrahent
577 3439 701 3509 culpem,
724 3453 780 3490 nou
801 3438 838 3490 sie
858 3438 909 3490 im·
951 3439 1055 3510 optime
1064 3439 1203 3494 confirmet
1217 3441 1332 3512 elogium
1344 3441 1419 3514 quod
1430 3440 1463 3492 de

401 3535 473 3587 pune
485 3517 628 3571 habebunt.
952 3518 1010 3588 ipso
1022 3519 1116 3571 habuit
1129 3521 1242 3584 Demea,
1255 3539 1324 3574 seen.
1336 3539 1416 3592 pree.

445 3597 510 3662 456.
520 3597 605 3652 Nubis.
615 3593 747 3658 Semta,
756 3595 913 3667 Pamphilo,
999 3601 1066 3660 461.
1078 3597 1170 3654 Aduo.
1184 3597 1278 3653 Prodit
1292 3613 1357 3653 tune
1369 3600 1398 3653 iu
1409 3619 1463 3654 see·

403 3679 556 3749 etipstruru
566 3676 655 3729 servis.
956 3693 1017 3730 uem
1032 3679 1138 3730 Demea.
1236 3675 1238 3682 ’

445 3757 511 3829 457.
529 3757 673 3828 Teporem.
685 3753 738 3807 Alii
753 3767 779 3807 ru
792 3773 817 3806 es
827 3767 912 3825 pater,
998 3759 1065 3818 462.
1082 3759 1140 3821 Ob,
1157 3757 1230 3810 obest
1243 3773 1257 3810 e
1272 3757 1371 3828 plurib.
1386 3757 1461 3811 editt.

403 3849 464 3903 aut,
479 3849 591 3908 reputer.
604 3868 643 3879 -
656 3831 695 3888 Tu
706 3851 730 3886 es
737 3845 870 3906 pun-onus,
887 3847 912 3888 tu
997 3836 1063 3900 463.
1084 3835 1155 3906 Quid
1166 3843 1263 3889 autem?
1282 3835 1327 3890 ob
1341 3835 1406 3909 quid
1419 3853 1463 3890 tue

399 3937 496 3988 parem.
520 3915 592 3968 Beue
606 3915 650 3968 hie
665 3915 711 3967 illu
725 3914 808 3985 elogia
823 3914 856 3967 ud
868 3931 912 3967 or-
954 3915 1112 3986 querebar?

403 3997 511 4052 bitetem
520 4006 547 4048 et
559 3993 740 4048 conditionem
754 3995 910 4047 muliebrem
996 3997 1062 4059 lssl·
1081 3995 1187 4048 met.
1203 3995 1368 4066 Legitlloth.
1389 3997 1463 4048 abde-

402 4076 515 4129 retulit:
534 4087 565 4127 ut
581 4073 658 4127 metri
677 4083 836 4146 potionum,
849 4073 909 4126 lilio
954 4075 1021 4128 disti.
1035 4077 1157 4129 -Boni
1169 4073 1261 4129 Probi.

402 4168 520 4226 putrem,
535 4153 589 4206 itno
600 4152 692 4207 domui
705 4155 754 4208 toti
767 4169 909 4227 patronum
995 4156 1062 4219 465.
1082 4154 1206 4224 Officium,
1219 4155 1270 4209 Ms.
1279 4153 1360 4210 Poris.
1374 4154 1463 4228 officio.

401 4231 645 4306 apamenus
654 4235 803 4307 assignaret.
809 4235 908 4290 Bocter.
954 4269 989 4278 -
1001 4236 1128 4290 libratu.
1139 4233 1261 4308 lngmui.
