3064 5180
362 513 432 588 158
574 508 759 582 PUBLII
786 513 1050 582 TERENTII
1078 515 1203 584 AFRI

356 658 418 723 La.
443 647 606 729 Gaudeo,
627 646 674 716 ita
697 669 750 714 me
769 643 815 712 Di
829 657 955 732 autent,
974 647 1067 740 gnati
1087 671 1186 718 causa
1203 673 1211 716 t
1231 672 1308 720 nam
1329 651 1372 720 de
1394 665 1426 720 te

508 751 661 848 quidem,

351 866 435 932 Satis
454 861 538 945 scio,
555 856 726 954 peccando
742 856 930 926 detrimenti
950 856 996 926 nil
1013 857 1083 926 fieri
1102 873 1222 953 potest.

351 975 407 1040 So.
421 967 489 1057 Qui
501 967 630 1051 scis,an
641 987 681 1033 ea
691 987 801 1049 causa,
812 965 859 1032 mi
871 964 933 1050 vir,
941 989 995 1034 me
1006 966 1113 1036 odisse
1125 964 1366 1036 assimulaverit
1389 994 1427 1034 ‚ts

351 1080 400 1146 Ut
414 1100 490 1145 cum
505 1087 610 1142 matre
625 1070 699 1165 plus
712 1094 780 1139 una
792 1084 878 1140 esset
892 1068 906 1138 i
918 1073 981 1141 La.
992 1071 1084 1160 Quid
1097 1075 1145 1144 ais
1159 1070 1174 1142 i
1189 1097 1257 1144 nou
1271 1073 1356 1168 signi
1368 1073 1428 1143 hic

510 1194 561 1248 sat
583 1192 634 1246 est

353 1287 454 1376 Quod
462 1287 534 1356 heri
546 1231 930 1354 nemo'voluitvisentem
941 1283 983 1353 ad
996 1309 1068 1354 eam
1085 1259 1214 1355 teintro
1226 1283 1429 1356 admittere?

353 1399 410 1465 So.
424 1395 524 1464 Enim
542 1391 660 1462 lassam
678 1389 801 1484 oppido
821 1403 891 1458 tum
911 1415 981 1460 esse
995 1392 1123 1480 aibant;
1145 1418 1185 1462 eo
1204 1393 1335 1462 adeam
1358 1417 1428 1462 non

513 1498 655 1567 admissa
678 1521 761 1564 sum.

355 1612 417 1676 La.
435 1609 523 1676 Tuos
537 1629 607 1674 esse
626 1627 688 1698 ego
703 1601 748 1672 iili
766 1627 875 1674 mores
894 1603 1049 1674 morbum
1068 1606 1191 1700 magis,
1209 1629 1310 1700 quam
1324 1602 1428 1674 ullam

518 1710 617 1782 aliam
636 1735 707 1780 rem
721 1709 893 1778 arbitror:
927 1793 931 1800 ¹

356 1825 400 1890 Et
419 1820 538 1889 merito
555 1817 657 1903 adem
676 1840 753 1886 num
772 1829 959 1888 vostrarum
980 1815 1071 1886 nulla
1096 1832 1163 1905 est,
1184 1819 1263 1911 quin
1287 1832 1428 1912 gnatum

516 1922 596 1994 velit
1391 1949 1430 1994 tto

356 2121 488 2176 nuntiarit
507 2131 538 2172 ut
559 2119 671 2172 crimen.
696 2123 759 2170 Dan.
777 2147 813 2159 —-
831 2121 869 2170 Mi
949 2117 1010 2172 235.
1032 2119 1125 2171 Odisse.
1147 2118 1196 2170 Μι.
1214 2119 1279 2189 Reg.
1299 2137 1343 2190 ap.
1362 2120 1430 2174 Lin-

358 2205 456 2253 tactes.
475 2199 536 2252 Non
555 2196 715 2250 blandientis
733 2197 791 2251 bec
812 2215 869 2250 esse
912 2195 1008 2250 denbr.
1020 2217 1056 2250 se.

355 2282 413 2336 vult
422 2283 517 2332 Donat.
531 2275 578 2330 sod
590 2275 667 2347 quasi
684 2276 868 2347 gravissimum
949 2278 1009 2330 236.
1019 2281 1078 2329 Plus
1088 2297 1147 2328 nna.
1158 2277 1218 2330 Lib.
1232 2291 1288 2330 ant.
1304 2297 1356 2328 nna
1366 2282 1430 2345 ptus.

356 2371 537 2414 accusatorem
562 2355 704 2427 arguentis.
722 2355 784 2409 Non
804 2355 869 2409 item
914 2361 1017 2409 -Non
1030 2360 1096 2426 signi
1107 2359 1147 2410 ln'o
1160 2371 1252 2410 retest.
1268 2358 1349 2410 Abest
1362 2361 1429 2412 tica

357 2438 467 2493 omnino
478 2437 542 2490 Not.
914 2435 961 2487 lib.
983 2435 1065 2507 antiq.
1087 2465 1122 2476 -
1140 2441 1198 2489 Plus
1217 2451 1287 2490 esset.
1307 2437 1431 2505 Diutius,

394 2515 454 2570 233.
485 2517 607 2577 Gaudeo,
626 2512 700 2586 qnod
722 2513 794 2568 filins
812 2532 868 2566 aaut
913 2514 1433 2586 autpliusconversantem—Nonsigni

356 2598 455 2652 babeat
468 2612 592 2658 uxorem,
605 2612 686 2665 quam
699 2611 749 2646 nee
762 2593 870 2647 inimica
913 2597 953 2646 laic
962 2607 1003 2644 sat
1012 2594 1177 2665 mesapple,
1191 2594 1283 2648 odium
1295 2595 1366 2652 illius
1375 2615 1430 2653 non

356 2695 447 2730 merus
468 2691 592 2728 accusare
610 2672 701 2745 poenit.
724 2703 761 2714 -·
776 2677 818 2724 Me
837 2673 875 2724 Dr*
914 2689 970 2726 esse
982 2672 1144 2726 simulatum.

356 2777 406 2810 am.
417 2753 499 2821 Quasi
507 2752 619 2815 dioeret,
629 2763 660 2804 ut
668 2768 761 2807 verum
771 2749 868 2806 dicam.
951 2753 1010 2822 ²37·
1026 2759 1096 2804 Intro
1109 2756 1243 2806 admittm
1254 2754 1295 2808 tl.
1308 2759 1429 2811 intromit-

394 2837 454 2898 ¹34·
476 2839 512 2886 Do
530 2848 555 2884 te
568 2833 695 2897 peccando
712 2832 805 2882 detritu.
821 2842 871 2883 eto.
916 2835 1162 2884 tere-Hminem
1172 2836 1259 2886 votus.
1270 2833 1312 2888 Ct‘.
1322 2852 1361 2888 ve.
1373 2835 1430 2904 189.

356 2914 872 2984 Intellige‚quantumeumqnepeceare·
916 2913 1088 2964 -Viseneem
1102 2912 1180 2964 Refer
1193 2910 1228 2964 ad
1239 2925 1271 2964 te.

359 2997 393 3048 ris
402 3031 409 3057 ,
418 2992 486 3046 nihil
495 2990 529 3042 de
538 2999 584 3041 tna
592 2987 782 3040 existimatione
795 2993 805 3057 (
813 3006 873 3058 qua
954 2990 1014 3044 238.
1029 2993 1111 3042 Enim.
1121 2990 1165 3043 sic
1174 3003 1214 3044 est
1223 2990 1252 3044 in
1261 2990 1351 3046 Gnett.
1370 3012 1394 3056 ι,
1406 3007 1430 3048 et

359 3073 457 3128 scilieet
473 3069 547 3122 nnlla
562 3073 622 3138 est)
640 3067 777 3120 minuitur.
791 3066 873 3132 Quod
916 3069 1027 3122 aliis..-—
1036 3071 1190 3124 Athana-At.
1203 3073 1312 3126 aiebant.
1323 3105 1359 3116 -
1372 3082 1431 3128 Las·

358 3153 393 3207 ad
407 3148 602 3222 explanandum
616 3159 729 3219 prorant
742 3147 784 3200 illa
797 3145 873 3200 Cice·
917 3168 980 3204 nam,
1003 3149 1171 3220 AEgritudine
1193 3150 1376 3223 defatigatam.
1397 3185 1430 3195 -

359 3233 451 3292 roais,
467 3227 501 3284 ad
520 3227 636 3280 Herenn.
656 3231 691 3288 d:
711 3251 723 3271 ι
733 3225 780 3277 ubi
800 3227 872 3278 euim
918 3232 1021 3297 Oppido.
1034 3230 1128 3283 Valde.
1144 3232 1305 3297 Translatio,
1318 3247 1348 3288 ut
1360 3236 1431 3290 ntiri·

359 3315 407 3365 iste
424 3308 532 3363 vidisset
549 3324 668 3359 scurram
686 3305 814 3360 exhausto
826 3324 872 3358 ru·
916 3307 965 3361 fiee
974 3310 1085 3380 explieat
1099 3313 1233 3377 Donatus,
1243 3331 1256 3364 ι
1267 3314 1372 3370 rusticis
1385 3317 1430 3387 qui

362 3395 439 3452 bore,
456 3386 503 3458 qni
524 3404 553 3439 sa
570 3393 677 3455 putaret
692 3385 759 3438 nihil
777 3384 873 3438 habere
916 3386 1068 3460 interrogati
1093 3388 1320 3460 quemadmodum
1342 3393 1431 3466 fruges

361 3469 434 3544 quod
447 3468 481 3520 de
493 3465 683 3520 existimatione
695 3463 833 3536 poderet,
848 3478 875 3518 nt
916 3468 1111 3538 provenissent,
1123 3470 1318 3541 respondebant
1329 3477 1431 3541 oppido,

360 3552 444 3602 omnia
461 3549 512 3602 sine
527 3548 611 3613 famoe
623 3548 766 3596 detrimento
781 3545 874 3612 facere
918 3546 935 3598 i.
952 3564 974 3598 e.
994 3567 1053 3619 quas
1073 3548 1123 3601 sibi
1143 3561 1168 3601 et
1189 3551 1290 3623 oppido
1309 3554 1432 3610 sufficere

358 3641 473 3698 possets.
487 3655 523 3666 -·
542 3625 593 3678 Hic
617 3624 748 3677 rationem
768 3622 873 3695 longius
917 3625 1070 3696 potuissent.
1083 3659 1117 3672 -
1129 3635 1215 3681 Eond
1226 3652 1282 3684 eam
1297 3653 1348 3685 non
1363 3629 1432 3688 adm.

363 3707 427 3781 petit
443 3703 577 3756 Daeieria:
604 3729 615 3749 ι
627 3704 701 3755 Cotto
721 3703 873 3774 expression
917 3704 995 3769 ideo,
1014 3717 1165 3778 propterea.

361 3793 394 3840 de
414 3803 437 3838 te
461 3786 597 3836 detrimenti
618 3787 681 3837 nuit
695 3786 757 3854 steri
777 3797 871 3850 potest,
955 3786 1015 3854 ²39·
1028 3791 1097 3856 Ego,
1117 3789 1191 3842 abest
1208 3807 1224 3841 a
1239 3791 1383 3844 nonnullis.
1398 3824 1432 3833 -

363 3879 401 3920 est
423 3864 495 3938 prise
515 3863 561 3916 des
585 3862 669 3916 laines
689 3865 771 3934 qn'on
796 3863 874 3929 lave3
918 3870 1073 3928 Mores‚tua
1082 3885 1145 3938 erga
1154 3869 1236 3940 ipsam
1248 3870 1347 3942 agendi
1358 3873 1432 3925 ratio.

362 3943 453 4019 quand
476 3943 540 3997 elles
568 3955 616 3995 ont
644 3943 686 3995 ete
711 3944 795 3996 landes
817 3945 875 4013 jua-
919 3949 1209 4010 -Morbnm,oausann
1218 3951 1314 4004 morbi.

363 4031 422 4098 qu't
442 4022 595 4077 uncertain
614 4023 701 4093 point,
722 4042 791 4080 onut
807 4024 875 4076 bean
956 4031 1015 4087 ado.
1030 4031 1063 4078 Et
1077 4030 1161 4080 merito
1176 4034 1248 4082 adeo.
1266 4030 1353 4102 Supp.
1368 4035 1434 4084 arbi·

363 4107 401 4160 te·
411 4105 524 4168 relever,
538 4104 555 4156 il
569 4106 638 4175 n'ya
657 4104 715 4175 plus
728 4123 815 4157 aucun
829 4102 874 4156 de'·
920 4119 970 4154 ενοι
986 4125 1037 4159 esse
1056 4109 1100 4158 ιἰιι.
1117 4139 1151 4148 -
1167 4117 1308 4163 Vostrarnm
1326 4129 1376 4181 pro
1390 4130 1433 4162 oe-

363 4186 456 4238 rhet».
920 4198 1005 4237 snum.
