3026 5184
357 506 428 589 224
582 503 765 572 PUBLII
790 506 1050 576 TERENTII
1076 509 1201 580 AFRI

355 642 448 708 Pasa.
462 635 651 708 Manedum
663 636 759 707 sedes
769 638 904 726 tumeo,
915 664 957 710 ne
966 639 1055 711 aliud
1067 642 1219 730 credam,
1232 648 1432 742 atquealiud

512 757 653 812 nunties.
1344 771 1347 778 ⁴
1390 781 1430 826 ω

354 852 441 920 Pan.
460 851 593 920 Mance.
609 850 702 919 Pau.
725 851 780 918 Sic
804 865 837 920 te
857 852 980 924 dixisse
998 854 1135 950 opinor,
1153 858 1317 930 invenisse
1333 837 1432 956 Myr·

512 955 666 1041 chinum,

352 1061 550 1134 Bacchidem
559 1060 719 1132 annulum
728 1088 825 1132 suum
836 1064 969 1136 habere.
980 1067 1066 1138 Pae.
1075 1070 1222 1138 Factum.
1235 1073 1328 1143 Pan.
1339 1075 1432 1145 Eum

511 1191 611 1264 quem
626 1167 753 1238 olimei
771 1169 865 1258 dedi3

352 1279 467 1371 anue
491 1275 557 1349 hoe
580 1273 661 1343 mihi
684 1289 717 1344 te
740 1278 893 1346 nuntiare
916 1277 1044 1373 jussit?
1071 1281 1161 1350 itane
1184 1297 1236 1352 est
1264 1283 1393 1354 factum
1418 1285 1435 1354 ?

511 1381 605 1451 Pau.
625 1383 693 1463 lta,
712 1383 858 1476 inquam.

354 1492 445 1559 Pasa.
459 1487 544 1578 Quis
557 1511 612 1556 me
626 1502 677 1556 cst
688 1487 910 1560 fortunatior?
922 1490 1169 1587 venustatisque
1182 1493 1266 1564 adeo
1276 1494 1434 1590 plenior?

352 1593 651 1690 Egoneprohoctc
660 1596 778 1664 nuntio
787 1595 866 1692 quid
878 1594 1373 1695 donemiquidiquidineseio.
1389 1625 1431 1665 σεο

354 1702 441 1771 Pau.
459 1703 503 1771 At
520 1725 583 1796 ego
600 1702 678 1769 scio.
702 1704 793 1772 Paat.
811 1702 934 1791 Quid?
953 1709 1038 1774 Paa.
1058 1704 1147 1774 Nihil
1169 1710 1268 1777 enim

352 1811 440 1880 Nam
449 1809 598 1902 nequein
607 1806 857 1902 nuntie‚neque
864 1810 900 1878 in
909 1833 962 1879 me
974 1810 1047 1905 ipse
1054 1811 1112 1880 tibi
1119 1811 1200 1882 honi
1210 1814 1339 1909 quidsit
1348 1817 1432 1888 scie.

352 1919 445 1986 Pam.
456 1911 562 2009 Egen’
571 1927 619 2000 te,
630 1913 688 2008 qui
698 1913 741 1983 ab
751 1916 840 1984 Orco
852 1929 1022 1987 mertuum
1037 1941 1092 1988 me
1105 1919 1262 1991 reducem
1274 1923 1309 1990 in
1317 1921 1433 1994 lucem

510 2020 651 2106 feceris,

352 2130 464 2198 Sinam
478 2127 548 2198 sine
562 2150 701 2196 munere
718 2151 738 2196 a
755 2151 810 2197 me
821 2126 939 2197 abire?
959 2129 1023 2216 ah,
1043 2131 1181 2200 nimium
1193 2157 1247 2202 me
1258 2135 1432 2230 ingratum

511 2247 618 2328 putas.
1151 2259 1153 2264 ·

319 2381 325 2391 ·
356 2341 421 2412 Sed
437 2338 636 2410 Bacchidem
656 2363 769 2408 eccam
786 2339 883 2410 video
897 2356 984 2412 stare
1002 2357 1080 2412 ante
1096 2345 1226 2414 ochum.
1393 2378 1433 2418 sss

357 2450 415 2517 Mc
433 2459 614 2542 exspectat,
632 2445 755 2514 credo:
774 2445 882 2516 adibo.
904 2449 988 2518 Bac.
1009 2448 1120 2539 Salve,
1138 2451 1319 2548 Pamphile.

357 2562 450 2626 Pasa.
471 2555 504 2623 Ο
516 2547 677 2621 Bacchis!
700 2575 811 2647 omea
830 2554 970 2624 Bacchis
989 2550 997 2622 l
1017 2559 1181 2626 servatrix
1199 2583 1283 2628 mea.

357 2665 440 2732 Bac.
462 2663 551 2730 Bene
570 2656 714 2746 lectum,
728 2673 762 2727 et
776 2657 899 2754 volupe
916 2662 966 2730 'st
986 2662 1078 2754 Pasa.
1098 2663 1207 2734 Factis
1221 2680 1260 2734 ut
1276 2665 1433 2751 credam,

515 2765 612 2852 facis,

393 2927 867 2994 845.N0·1tudcnd.aeq.atiadnuna
948 2927 1009 2983 8⁵1.
1025 2935 1060 2980 Ae
1074 2949 1119 2998 qo
1132 2933 1191 2982 scie.
1208 2931 1268 2984 lloe
1284 2931 1364 2998 dicit,
1373 2951 1433 2986 nen

327 3013 331 3022 '
356 3011 397 3064 Ne
410 3009 484 3062 later
499 3004 660 3071 decuere,
680 3004 746 3060 dum
760 3016 789 3058 tu
803 3023 869 3058 nan·
913 3025 988 3062 seem
1000 3007 1126 3062 neeieibi
1137 3009 1240 3081 quidin
1257 3024 1434 3066 mentemve-

355 3091 404 3144 tias
412 3089 532 3142 alteram.
913 3087 984 3141 merit
991 3103 1000 3151 3
1013 3085 1061 3140 sed
1073 3089 1196 3160 reprimit
1211 3108 1241 3144 ee
1250 3089 1356 3155 dicens,
1368 3093 1435 3144 affl!

390 3163 775 3236 846.1mm'sse‚eognevisoe.
848 3163 850 3168 ¹
911 3169 986 3219 enim.

391 3251 453 3318 847.
463 3250 538 3296 Suum
546 3242 614 3297 dicit
626 3241 767 3316 Mymhine
783 3261 868 3296 ennu-
946 3245 1010 3300 8⁵2.
1023 3251 1075 3302 uo.
1086 3245 1232 3303 Lindealu·
1245 3266 1295 3302 ms.
1305 3250 1369 3321 Beg.
1380 3270 1433 3304 nse·

355 3331 427 3388 lum,
445 3341 526 3398 quem
539 3321 637 3394 virgini
646 3321 802 3394 Pamphilus
813 3323 865 3374 eri·
912 3326 1091 3378 mec—Nm
1109 3345 1189 3395 neque
1208 3330 1233 3378 in
1256 3333 1356 3393 nunde,
1380 3341 1433 3384 ecc.

355 3407 425 3481 puit.
443 3431 479 3445 -
495 3409 613 3468 Fatum,
637 3400 666 3454 id
684 3413 738 3468 est,
756 3400 820 3456 dixi.
831 3431 868 3444 -
910 3403 997 3476 Megia
1014 3403 1081 3459 scire
1093 3405 1152 3459 vult
1164 3423 1244 3479 quem
1260 3424 1363 3462 munus
1384 3427 1433 3464 ae·

355 3494 420 3540 Eum
429 3503 507 3554 wem,
519 3493 571 3536 ete.
583 3479 665 3547 Quod
672 3479 745 3534 idem
753 3479 866 3536 Bacchis
911 3483 1010 3562 cipere.
1023 3489 1089 3539 Dea.

355 3565 436 3620 mode
448 3563 575 3618 humavit.
589 3561 690 3634 Supra,
701 3579 740 3614 vs.
753 3559 816 3632 574.
950 3563 1011 3618 853.
1031 3567 1073 3616 Te.
1089 3563 1131 3616 At.
1146 3581 1201 3618 non
1219 3565 1284 3620 heh.
1304 3582 1340 3633 ee,
1355 3568 1434 3640 qued

391 3646 453 3714 849.
465 3645 536 3712 Quis.
550 3640 610 3694 Lib.
620 3639 703 3713 antiq.
713 3641 771 3706 Qut.
781 3646 870 3692 -Γο-
913 3640 987 3696 edid.
993 3642 1060 3698 We.
1067 3643 1115 3698 Be.
1127 3654 1154 3696 et
1166 3655 1234 3698 vert.
1244 3645 1295 3701 Da.
1303 3653 1433 3717 -ΕΜ

356 3727 458 3780 auctaas
476 3724 582 3791 plenior.
603 3719 730 3792 Iungitur
751 3717 870 3774 felicitati
913 3737 945 3774 ω.
969 3720 1071 3794 Sapple
1083 3723 1250 3779 committam
1268 3739 1300 3781 ut
1317 3745 1432 3782 monce

354 3819 490 3867 maweu,-
503 3802 585 3875 idque
597 3801 710 3864 merito,
723 3817 807 3871 quum
813 3799 867 3852 Ve-
912 3817 1053 3854 munmm
1064 3811 1100 3854 te.

354 3905 407 3942 nm
426 3881 600 3954 Pamphilum
624 3878 741 3934 beaverit
767 3895 867 3932 emen.
947 3879 1009 3934 858.
1024 3884 1119 3950 Volup·
1133 3897 1179 3934 ose.
1192 3882 1353 3938 Gaudeeita
1368 3903 1432 3940 eve·

261 3951 264 3964 ¹
353 3971 472 4026 Contra,
488 3960 570 4014 Andr.
584 3978 624 4016 vs.
640 3959 691 4024 245
709 3976 716 4012 :
738 3981 750 4005 ι
765 3956 867 4011 Αάεοη’
911 3958 1433 4037 ῃὶεωςοωῑνοιαμνοιΡΙωῑίηι,μυ

352 4044 491 4102 hominem
516 4041 688 4094 invenustum
719 4053 797 4101 este,
822 4048 869 4090 aut
911 4039 1432 4110 wtipeas.-10ce·susmdm‚saais.

353 4126 485 4179 infelicem
494 4137 658 4194 quanquam
668 4129 698 4171 ut
706 4135 757 4187 ego
767 4135 826 4170 eum
834 4115 866 4168 i·
911 4115 950 4168 Ue
961 4115 1071 4172 credam
1080 4116 1132 4171 tibi
1144 4130 1250 4190 gratum
1259 4118 1288 4174 id
1297 4121 1433 4175 messeio

353 4213 415 4260 Mer.
428 4204 534 4254 casmeb.
913 4195 992 4250 rebus
1005 4196 1070 4268 ipsis
1080 4215 1135 4250 non
1148 4198 1236 4254 verbis
1247 4207 1353 4252 tentum
1365 4218 1372 4253 ε
1379 4202 1430 4269 fla·
