3120 5178
394 568 440 612 η
471 543 475 551 ’
607 502 1249 613 rouL11renau'r11arnr

388 677 450 744 Rei
472 697 605 768 operam
627 671 723 756 dare,
742 673 810 740 ruri
828 696 898 742 esse
915 696 1052 766 parcum
1073 698 1112 742 ac
1131 675 1304 745 sobrium?

388 779 526 850 Nullum
548 779 647 872 hujus
669 778 793 848 factum
816 777 931 847 simile.
952 782 1031 850 Haec
1052 805 1154 874 quum
1172 780 1236 862 ilii,
1252 785 1370 870 Micio,

387 890 489 972 Dico,
508 886 567 954 tibi
585 886 672 954 dico.
692 887 743 952 Tu
766 883 857 954 illum
879 888 1050 980 corrumpi
1069 889 1156 956 sinis.

387 995 452 1063 Mr.
472 994 614 1061 Homine
634 992 787 1085 imperito
805 1016 975 1086 nunquam
996 992 1175 1087 quidquam
1195 995 1330 1088 injustia
1347 996 1403 1086 'st,

387 1101 471 1189 Qui,
492 1101 554 1168 nisi
576 1097 664 1192 quod
685 1099 756 1192 ipso
778 1097 870 1182 fecit,
895 1097 940 1166 nil
965 1114 1092 1168 rectum
1110 1115 1215 1194 putet.

383 1208 450 1274 Da.
467 1207 636 1296 Quorsum
655 1201 762 1272 istuc?
776 1206 838 1272 Mi.
863 1205 949 1294 Quia
970 1219 1023 1291 tu,
1046 1209 1190 1288 Demea,
1209 1207 1280 1278 haec
1298 1209 1384 1278 male
1399 1209 1452 1301 ju-

545 1311 643 1380 dicas.

277 1429 280 1457 1
385 1421 460 1486 Non
482 1431 531 1485 est
547 1417 722 1510 flagitium,
740 1417 821 1486 mihi
841 1417 956 1503 crede,
975 1417 1256 1489 adolescentulum

383 1690 422 1702 --
440 1657 469 1709 Sa·
484 1656 650 1723 conserendum
663 1656 793 1726 exemplum
806 1666 850 1706 est.
865 1655 893 1706 Si
935 1655 1085 1708 hementius
1102 1655 1188 1721 dimi,
1204 1661 1261 1709 «An
1280 1657 1352 1711 laudi
1375 1672 1450 1730 putat

383 1738 449 1790 utile
463 1748 502 1790 est
520 1753 672 1808 proponere
684 1736 844 1806 exemplum.
854 1767 894 1778 —-
936 1736 1008 1799 fore,
1022 1737 1043 1786 ai
1056 1736 1190 1805 perdiderit
1203 1749 1320 1808 gnatum.
1333 1763 1345 1784 »
1365 1739 1429 1792 Dea.

383 1819 440 1870 Noa
446 1819 550 1884 fluorem
558 1815 643 1876 uidet,
655 1827 704 1868 eto.
717 1814 783 1868 Satio
793 1816 895 1868 comice
977 1815 1156 1886 99.Nuaquam
1165 1819 1304 1890 quidquam.
1312 1817 1362 1870 Ma.
1370 1817 1448 1872 nodi.

292 1889 295 1897 ¹
383 1898 436 1951 hoc
449 1897 569 1950 insertur.
587 1896 655 1948 Nam
675 1895 757 1965 magis
772 1894 800 1946 in
816 1895 894 1965 culpa
936 1892 1031 1946 Boend.
1046 1909 1073 1948 et
1086 1895 1158 1968 Lipe.
1173 1915 1235 1949 oum
1252 1895 1302 1950 Ed.
1316 1899 1447 1969 Anonym.

385 1975 430 2028 iile
443 1977 499 2047 ipre
513 1989 564 2035 eet,
578 1993 657 2046 quem
669 1973 770 2027 laudat.
787 1975 854 2027 Dor.
937 1985 963 2026 et
975 1972 1026 2028 Ed.
1040 1975 1120 2044 prim.
1132 1976 1195 2028 uilo!
1207 1977 1344 2049 quidquam.
1357 2009 1397 2020 -
1408 1981 1449 2030 Ia·

423 2057 532 2126 96.1ui
553 2074 648 2125 operam
670 2055 737 2105 dan.
758 2053 800 2107 Sic
818 2067 896 2107 vetu-
931 2056 1052 2122 justiu'se.
1070 2055 1122 2108 Alii
1138 2058 1249 2108 verbum
1262 2069 1299 2107 eat
1310 2058 1447 2112 omittunt.

384 2138 476 2190 stiores
495 2136 582 2188 Bentl.
604 2153 699 2204 magno
722 2151 847 2198 numero,
868 2145 895 2186 et
936 2134 1449 2207 -imperieo‚iniqueetineoiteresesti·

384 2227 521 2286 posteram
539 2214 666 2268 Per-letae.
691 2212 757 2276 Alii,
781 2216 816 2266 rei
836 2214 896 2265 duro
937 2227 1144 2278 mante‚verum
1159 2217 1305 2286 inexperto.
1323 2245 1363 2257 -
1377 2217 1449 2270 Miro

383 2313 487 2365 operaria.
504 2297 555 2347 Dat
570 2294 617 2347 Br.
633 2298 684 2346 ruri
702 2313 765 2354 esse,
778 2313 847 2362 pare.
865 2313 895 2344 ec
935 2295 1072 2346 stomacho
1086 2294 1158 2365 apud
1173 2296 1258 2365 ipsum
1272 2295 1306 2348 de
1320 2296 1379 2365 ipso
1394 2309 1447 2350 tan·

383 2376 446 2428 sobr.
460 2376 511 2426 Dat
531 2374 610 2427 Both.
629 2391 723 2442 operam
738 2375 803 2435 noi,
822 2392 894 2443 paru.
935 2389 1014 2442 quarn
1024 2372 1097 2445 apud
1105 2374 1221 2427 alienum
1230 2374 1399 2446 loquitur-nt
1409 2377 1447 2429 in·

383 2475 412 2506 ac
432 2454 482 2505 soh.
502 2485 541 2496 -
556 2454 603 2506 aa·
620 2471 715 2523 operam
731 2453 796 2505 dare.
816 2453 849 2504 In
864 2472 894 2507 re
938 2469 1017 2521 super
1039 2466 1102 2506 nota
1122 2453 1246 2506 Minionis
1268 2457 1385 2525 σόφισμα.
1409 2456 1448 2509 Ut

383 2532 506 2586 familiari
516 2530 646 2603 augenda
670 2551 749 2585 omne
773 2531 893 2585 studium
934 2529 1017 2583 homo
1027 2533 1144 2585 urbanus
1153 2545 1179 2585 et
1190 2533 1310 2604 peritior,
1321 2533 1448 2588 adversus

382 2629 490 2684 ponere.
503 2644 543 2654 -
555 2613 618 2664 Rari
627 2629 690 2672 esee,
704 2628 759 2664 non
771 2611 799 2663 in
811 2611 892 2677 urbe;
934 2611 1042 2662 fratrem
1065 2625 1206 2681 agrestem,
1225 2612 1375 2683 prudentiae
1395 2616 1445 2668 sihi

321 2704 324 2714 '
379 2709 496 2764 percura,
515 2709 571 2743 non
589 2689 749 2762 prodigum
770 2690 891 2753 sobriam,
933 2703 1039 2760 arrogat
1053 2690 1173 2762 aliquid,
1188 2705 1215 2745 et
1230 2695 1357 2746 sententia
1374 2700 1445 2747 aeia-

382 2789 436 2824 nou
458 2771 591 2824 insamae.
617 2771 716 2824 Contra
739 2767 824 2831 iilud,
850 2789 894 2822 cur
932 2768 1296 2842 irafiadprntexendaa,quea
1305 2774 1445 2840 suburere,

384 2846 470 2903 amat?
482 2851 634 2920 corporat?
657 2883 663 2894 ·
708 2870 711 2886 ³
932 2847 1037 2901 fraudes
1047 2850 1174 2902 orationis
1182 2851 1310 2905 abutitur.
1321 2853 1423 2907 Butler.

426 2949 473 3001 97.
491 2930 563 2982 Faot.
574 2931 658 2983 simile.
674 2925 727 2982 alii
741 2929 817 2980 canite
824 2929 889 2994 sace.
976 2946 1037 2981 roo.
1058 2929 1118 2998 Qui.
1133 2928 1211 2983 Bodl:
1230 2935 1296 3004 quaa.
1310 2962 1350 2972 —
1363 2933 1445 2988 Fecit.

384 3013 446 3064 Post
456 3011 513 3062 haec
522 3009 567 3062 alii
578 3009 748 3078 interrogant,
755 3008 800 3061 alii
811 3008 888 3061 etiarn
933 3006 1023 3060 Goelf.
1040 3027 1051 3060 r
1062 3046 1071 3074 ,
1084 3009 1143 3080 uip,
1155 3010 1250 3082 Delph.
1260 3012 1334 3077 facit.
1344 3045 1384 3054 -
1393 3015 1443 3066 Ni-

382 3095 467 3161 majua
478 3087 607 3143 adhibent
616 3107 727 3142 oomma.
740 3120 780 3130 -
789 3088 891 3143 Nullum
932 3087 974 3139 hil.
989 3087 1162 3141 Contrahitur
1175 3090 1204 3141 in
1218 3089 1342 3162 quibnad.
1356 3093 1402 3146 nil.

382 3173 451 3242 hujus
467 3171 564 3236 factum
584 3167 674 3220 simile!
695 3165 754 3219 Hoc
768 3185 829 3220 oum
842 3165 890 3220 ad·
974 3185 1036 3219 ror.
1048 3170 1167 3237 Quorsum
1184 3165 1267 3222 istae?
1278 3170 1371 3235 Quare
1385 3171 1444 3226 huo

381 3250 522 3304 miratione
535 3247 696 3320 indignantia
712 3246 889 3316 pronuntiari·
931 3242 1017 3299 dicis?
1026 3248 1064 3300 Ita
1077 3251 1185 3314 Demea,
1196 3250 1242 3321 qni
1253 3250 1361 3321 oblique
1372 3251 1443 3306 diota

381 3328 520 3395 domest,
534 3341 561 3382 et
580 3326 733 3382 ardentibus
750 3328 777 3378 in
792 3326 888 3379 Micio·
931 3324 1054 3400 Minionis
1079 3345 1133 3380 non
1159 3329 1287 3402 percepit.
1310 3331 1379 3385 Peri.
1400 3365 1442 3376 .-

380 3427 442 3462 nem
457 3409 550 3462 oeulis.
567 3409 601 3460 Et
619 3404 835 3460 subaudiendum
851 3418 890 3458 eat
933 3405 999 3474 Quia
1014 3419 1055 3472 ru,
1067 3407 1168 3461 Demea.
1182 3407 1216 3462 Id
1230 3423 1282 3474 eat,
1296 3409 1379 3463 homo
1389 3412 1441 3464 im-

381 3509 440 3552 esse,
453 3491 617 3542 autinaeuiri.
635 3485 887 3556 Danaa-Hujus,
928 3485 1040 3554 peritus.
1056 3487 1171 3540 -Haee
1189 3491 1250 3540 male
1259 3489 1365 3560 judicaa
1379 3491 1441 3544 Pari
1500 3525 1504 3532 ·

380 3567 556 3639 Ctesiphonie.
568 3599 608 3611 -·
618 3567 680 3618 Hac
691 3583 762 3636 quum
770 3565 808 3616 illi
821 3566 886 3627 dieo,
929 3565 1026 3618 virtute
1041 3565 1097 3619 hec
1109 3567 1204 3621 leniter
1214 3568 1286 3622 dicta
1296 3582 1376 3633 eunt,
1387 3589 1441 3642 qna

379 3669 415 3703 ao.
435 3647 507 3702 dieta
525 3648 594 3701 volo.
613 3676 653 3688 -
675 3645 733 3698 Tibi
753 3645 819 3706 dieo,
838 3645 886 3698 tibi
928 3645 1067 3715 superiora
1081 3647 1257 3702 vehementer.
1274 3650 1368 3702 Donat.

377 3719 450 3783 dicta
464 3727 536 3782 volo.
552 3729 573 3780 1.
587 3745 610 3778 e.
625 3743 708 3796 quum
724 3725 760 3776 ita
774 3725 884 3795 loquor,
972 3743 1032 3778 roa.
1047 3727 1126 3779 Both.
1142 3727 1211 3780 crede
1225 3732 1266 3781 mi.
1280 3761 1321 3772 -
1332 3730 1390 3783 Non
1403 3744 1441 3782 est

377 3823 406 3862 ut
421 3807 454 3863 ad
473 3807 626 3861 AErehinum
640 3803 774 3875 perthere
791 3804 884 3876 illique
919 3805 1060 3874 flagitium,
1073 3807 1132 3858 mihi
1144 3808 1224 3870 crede,
1237 3821 1289 3862 etc.
1301 3809 1363 3861 Non
1375 3829 1440 3880 pee-

374 3889 428 3943 dici
445 3887 600 3950 videantur,
614 3897 646 3937 tn
660 3883 721 3937 eatis
735 3883 883 3956 intelligere
926 3899 1015 3938 oetam
1033 3900 1112 3957 negat
1133 3905 1214 3940 ease:
1236 3887 1282 3942 sed
1306 3887 1438 3959 flagitium

373 3969 466 4034 debes,
477 3964 512 4021 ad
528 3978 553 4019 te
567 3982 674 4037 quoque
685 3963 834 4034 periinere,
846 3965 880 4018 ti·
925 3983 981 4018 non
1000 3984 1054 4018 esee
1068 3965 1222 4032 contendit,
1234 3979 1260 4020 et
1270 3967 1436 4021 ideo-aubin-

369 4049 451 4120 bique
464 4045 640 4100 diciBoecler.
922 4042 1297 4117 dignanterpronuntiandum
1305 4060 1439 4118 eatsqua·

409 4131 454 4198 98.
479 4127 618 4196 Cvnumpi,
634 4123 781 4195 depravari.
797 4124 876 4177 Nunc
922 4125 944 4176 ai
968 4123 1053 4188 dicat,
1074 4127 1186 4180 scortari
1210 4125 1320 4199 quidem
1342 4125 1436 4180 adole·

367 4211 458 4262 mitius
468 4205 610 4271 dioit,sim's
619 4209 744 4274 corrumpi.
755 4203 819 4257 Mox
830 4223 875 4256 ve·
920 4207 1086 4270 motulam,
1101 4204 1228 4262 delictum
1246 4218 1301 4272 eat,
1316 4205 1362 4260 aed
1378 4225 1435 4263 non
