3120 5178
373 523 602 591 ADELPH.
630 522 930 590 PROLOGUS.

116 661 296 727 Furtumne
317 653 448 725 lactum
470 655 694 740 existumetis,
714 679 757 723 an
777 653 888 723 locum

116 760 391 858 Reprehensum,
402 763 462 856 qui
481 762 668 857 praeteritus
686 760 886 856 negligentia
901 757 950 828 'st

116 873 200 940 Nam
218 868 314 962 quod
333 869 389 937 isti
407 869 525 938 dicunt
545 865 715 949 malevoli,
730 868 882 937 homines
901 864 1028 936 nobiles
1173 890 1196 928 ts

117 980 200 1045 Eum
215 975 393 1069 adjutare,
406 975 603 1069 assidueque
620 997 688 1043 una
706 975 868 1061 scribere,

117 1081 214 1173 Quod
237 1081 287 1151 illi
308 1080 526 1151 maledictum
548 1082 727 1150 vehemens
749 1105 818 1150 esse
840 1081 1055 1162 existumant,

117 1193 197 1258 Eam
213 1187 354 1259 laudem
374 1188 431 1258 hio
452 1188 545 1257 ducit
562 1212 770 1273 maxumam,
792 1213 895 1282 quum
917 1185 979 1256 illis
1001 1185 1127 1281 placet,

118 1298 183 1386 Qui
196 1296 298 1365 vohis
314 1297 481 1365 universis
498 1309 533 1364 et
549 1293 674 1390 populo
689 1293 841 1389 placent,

120 1405 272 1492 Quorum
295 1427 400 1497 opera
420 1404 454 1470 in
472 1400 576 1489 bello,
599 1403 634 1469 in
653 1397 740 1484 otio,
757 1402 791 1470 in
810 1401 955 1496 negotio,

120 1511 184 1579 Suo
204 1510 352 1604 quisque
375 1522 527 1604 tempore
545 1533 608 1578 nsu
624 1505 666 1578 ’st
684 1509 754 1578 sine
773 1507 936 1602 superbia.

159 1716 205 1770 13.
225 1717 365 1769 Furtumne
374 1718 469 1782 sactum
483 1719 639 1770 existumetis.
683 1735 745 1769 rum
753 1715 798 1770 hic
806 1715 922 1772 oratorie
933 1714 1035 1770 crimen
1043 1733 1098 1768 non
1107 1716 1200 1786 tangit.

120 1799 158 1850 du
172 1796 641 1868 putetisTerentiumfurtivitioac-
686 1796 783 1850 Donat.
1100 1807 1101 1810 ’

120 1875 368 1930 meandum—An
378 1877 455 1929 heum
469 1879 639 1948 reprehensum.
729 1895 773 1948 17.
785 1877 856 1928 Esse.
868 1875 975 1928 Omittit
985 1875 1086 1927 Erasm.
1094 1875 1199 1927 —Mn'—

121 1958 318 2028 desumptum,
333 1955 369 2008 de
383 1957 485 2028 integro
500 1970 641 2010 tractatum
685 1957 796 2008 (edictam
818 1957 950 2008 uehemens.
982 1955 1070 2010 Grave
1096 1955 1201 2026 vitupe-

123 2049 225 2107 apoeta
236 2049 334 2088 nostro
346 2037 449 2102 locum,
463 2055 544 2106 quem
558 2036 642 2089 Plau·
687 2037 768 2090 rium.

123 2129 163 2169 tus
175 2117 335 2187 neglectum
349 2117 482 2168 omiserat.
495 2117 573 2168 Fam.
730 2120 774 2170 18.
792 2115 857 2168 Eam
871 2115 976 2168 lacedem.
989 2115 1085 2168 Dicere
1099 2114 1127 2167 r'd
1145 2115 1199 2166 laa-

163 2203 210 2260 ¹4·
250 2197 305 2265 Qur'
335 2201 474 2266 praeteritas
496 2197 644 2266 negligentia
687 2197 878 2261 dam,harbare
890 2208 970 2259 esset3
984 2195 1031 2247 etsi
1040 2215 1091 2246 eam
1102 2209 1203 2266 spectat

123 2288 165 2328 est.
176 2277 211 2328 ln
225 2276 328 2328 bonam
342 2288 445 2347 partem
458 2286 580 2330 sumatur
600 2275 644 2328 hic
686 2275 720 2330 ad
734 2276 812 2347 qaod,
822 2294 859 2329 vs.
877 2293 921 2346 17.
937 2276 1096 2343 Exemplum
1111 2289 1150 2328 est
1167 2273 1201 2327 de

122 2375 174 2408 vox
188 2357 360 2426 negligentia,
375 2356 480 2408 sicutin
495 2355 580 2410 Andr.
594 2375 645 2419 ao,
687 2357 788 2411 multis.
804 2355 908 2409 Sallust.
922 2355 1029 2408 Catilio.
1041 2356 1087 2408 ll:
1101 2353 1199 2407 «Idem

126 2461 137 2482 ·
146 2436 274 2500 Quorum
284 2435 402 2487 aemulari
410 2449 518 2507 exoptat
524 2437 647 2505 ›nglegen
687 2437 756 2490 velle
768 2449 847 2507 atque
861 2433 932 2488 idem
944 2435 1030 2498 nolle,
1050 2455 1080 2486 ea
1094 2432 1202 2488 demum

125 2521 191 2567 rim.
203 2541 216 2562 ι
227 2521 388 2568 -Necesee
414 2530 452 2569 est
460 2555 468 2583 ,
480 2518 501 2568 si
515 2516 576 2588 quis
590 2517 647 2568 haeo
688 2516 766 2570 firma
780 2515 894 2568 amicitia
907 2527 953 2568 est.
965 2541 976 2562 ι
994 2515 1062 2568 Perl.
1071 2549 1112 2558 —
1121 2517 1202 2585 Quum

125 2596 194 2648 lame
207 2595 349 2649 intellecta
360 2595 490 2660 voluerit,
502 2597 552 2649 sibi
566 2613 646 2649 aevo·
689 2597 736 2649 illis
743 2599 835 2666 placet,
844 2599 894 2648 eto.
907 2593 1026 2648 Modesto
1038 2607 1065 2648 et
1076 2594 1110 2648 de
1122 2593 1201 2647 indn-

126 2689 167 2728 cet
178 2676 206 2728 iu
220 2675 398 2739 memoriam,
411 2676 481 2729 hanc
491 2676 570 2729 luisse
582 2696 647 2730 con·
690 2678 754 2732 etria
764 2679 797 2729 ita
811 2676 944 2747 loquitur.
955 2676 1030 2746 qnasi
1043 2676 1121 2728 vellet
1131 2673 1204 2727 dice·

125 2753 299 2808 suetudinem
309 2755 648 2826 poetislatinis,utcrimini
689 2775 736 2810 re:
751 2783 762 2805 a
774 2756 866 2820 Quum
886 2753 920 2808 ad
938 2755 1141 2808 familiaritatem
1159 2774 1205 2807 eo·

126 2853 181 2886 non
196 2835 365 2905 imputarent
382 2835 487 2906 aliquid
506 2834 539 2887 de
562 2855 648 2907 gracco
690 2855 751 2888 rum
762 2835 926 2900 admittitur;
939 2855 1022 2907 quum
1034 2835 1126 2888 talium
1138 2835 1207 2887 uiro-

127 2915 275 2967 tranel'erre
293 2915 322 2966 in
340 2913 470 2968 latinum:
490 2935 597 2980 uerum,
620 2927 650 2967 ut
690 2935 751 2969 rum
761 2914 864 2988 jndicio
879 2916 907 2966 in
921 2914 1089 2968 recensendis
1107 2915 1206 2968 fabulis

128 2992 238 3047 adnutat
253 2994 394 3064 Eugraph.
406 2993 476 3047 illud
491 3013 546 3048 ease
557 2995 650 3047 crimi-
692 2997 746 3048 suis
760 2997 852 3048 utitur.
865 3022 875 3042 ι
888 2996 964 3047 Boecl.

129 3075 182 3138 nis,
200 3072 230 3126 id
250 3072 356 3139 dicere,
372 3073 447 3145 quod
463 3077 518 3146 jam
536 3093 551 3127 a
566 3075 650 3128 latino
735 3094 775 3144 19.
790 3075 874 3127 Vobis.
887 3072 1005 3140 Quidam
1022 3087 1115 3128 vetust.
1130 3075 1205 3128 codi-

130 3154 220 3208 tuimet
229 3171 396 3225 expressum.
693 3173 735 3208 ces
755 3156 845 3226 legunt
860 3155 945 3217 nohis;
969 3155 1044 3225 quasi
1067 3174 1152 3207 sermo
1173 3155 1207 3208 de

175 3236 221 3288 15.
234 3235 303 3287 Nune
315 3234 381 3306 quad
390 3237 431 3286 uti
444 3234 535 3287 dicunt.
549 3233 652 3304 Intelli·
695 3255 772 3307 grege
785 3236 955 3288 histrionum.
963 3234 1084 3286 —vais
1096 3239 1209 3288 universis

130 3333 175 3386 ge.
197 3327 226 3366 ut
249 3317 342 3366 neniam
365 3313 400 3364 ad
421 3315 484 3367 illud
497 3316 575 3386 qnod,
599 3327 650 3367 etc.
694 3328 716 3367 et
727 3317 825 3390 popnlo.
848 3315 882 3367 Et
903 3314 989 3378 vobis,
1015 3329 1146 3386 quotquot
1162 3317 1207 3369 hic

132 3395 217 3447 Habet
224 3413 282 3444 nam
290 3392 439 3464 incipiendi
447 3395 501 3446 vim
511 3408 555 3459 ,ut
563 3394 650 3447 Plaut.
695 3397 769 3460 estis,
781 3409 807 3448 et
822 3395 946 3448 universo
962 3394 1071 3465 populo.

131 3475 189 3527 llil.
199 3476 227 3539 1,
245 3491 256 3526 ι
269 3513 278 3539 ,
291 3471 322 3531 5,
341 3499 352 3520 ι
366 3474 430 3527 Nam
446 3494 505 3544 ego,
520 3475 588 3527 hanc
599 3494 653 3527 ma·
737 3495 791 3539 co,
805 3495 850 3527 αι.
868 3475 960 3526 Usa’st.
969 3474 1048 3526 Both.
1058 3475 1154 3527 omittit
1164 3489 1207 3529 est.

130 3554 243 3608 charam
260 3573 351 3606 meam
364 3551 433 3607 dico.
447 3581 458 3601 ι
471 3554 539 3608 Dan.
550 3555 652 3606 —Ho·
694 3587 734 3598 -
744 3556 850 3626 Quorum
864 3574 935 3625 opera
943 3587 1030 3602 .....
1049 3553 1099 3606 Suo
1112 3558 1208 3629 quisque

131 3639 202 3686 mnes
214 3633 319 3686 nabiles.
336 3633 513 3705 Scipionem,
524 3635 652 3700 Laelium,
696 3647 797 3705 tempore
808 3657 851 3686 usn
857 3636 885 3686 'st
895 3639 945 3687 sine
958 3635 1077 3704 superbia.
1087 3636 1209 3700 Quorum

130 3716 240 3769 Furium
253 3713 400 3779 Publium,
409 3713 537 3785 Sulpitr'am
551 3714 652 3767 Gallam
694 3715 904 3768 benevolentiam
918 3727 1041 3786 expertus
1052 3729 1090 3767 est
1099 3716 1211 3787 quisque

129 3809 153 3850 et
162 3797 244 3862 alios;
256 3794 294 3847 de
307 3793 410 3865 quihus
419 3795 454 3847 ct.
467 3793 500 3846 ad
513 3795 591 3846 vitam
603 3795 653 3847 Te·
696 3796 812 3859 civium,
835 3809 980 3866 utcumque
1000 3795 1043 3847 cui
1061 3815 1128 3865 opus
1155 3810 1211 3850 erat

127 3877 265 3942 rentii,in
284 3876 381 3946 primo
406 3875 554 3939 volumine5
570 3887 595 3926 et
619 3874 654 3927 ad
699 3894 779 3947 opera
803 3875 1097 3945 illorum,siuealiqua
1115 3895 1211 3929 eorum

127 3956 368 4016 dissertationem,
384 3973 446 4025 pag.
463 3973 529 4020 xxx,
548 3967 574 4007 et
587 3973 655 4026 prae·
699 3955 911 4026 superbia—In
925 3954 1003 4016 bella,
1017 3959 1042 4005 in
1052 3959 1117 4018 otio,
1131 3959 1154 4006 ln
1171 3977 1213 4009 ne·

126 4040 227 4104 mim,
244 4055 311 4110 pag.
325 4053 424 4088 xxxiv.
697 4040 773 4104 gotio.
784 4035 846 4087 Haec
855 4035 958 4105 singula
969 4033 1080 4104 singulis
1091 4035 1212 4088 tribuun·
1297 4043 1301 4052 ’

164 4123 209 4174 16.
217 4121 291 4174 Eam
304 4115 438 4183 aepulare,
451 4114 588 4185 mutilaeque
598 4135 653 4171 etna,
702 4128 756 4167 tur.
769 4117 887 4167 Donatus
901 4117 928 4166 τὸ
943 4119 967 4166 in
981 4115 1043 4165 hetta
1067 4113 1100 4166 ad
1115 4115 1217 4185 Scipio-

125 4215 168 4253 etc.
181 4201 244 4254 Non
260 4199 302 4252 sic
326 4195 401 4249 dicit
416 4192 595 4258 adversarium
611 4213 654 4248 ve·
700 4215 760 4247 nem
778 4195 930 4247 Africanum
940 4234 948 4259 ,
960 4199 984 4246 in
996 4193 1087 4246 otioad
1102 4195 1213 4247 Furium
