3122 5168
419 496 495 584 354
660 495 835 565 INDEX
861 492 1250 568 lNsCOMOEDlAS

417 628 499 692 «lico,
516 645 571 700 que
584 625 733 699 quidquem
752 627 831 679 illum
848 643 935 681 seuse-
1021 625 1137 695 Quodsi,
1160 624 1237 694 Quod
1251 627 1288 690 εἰς
1307 622 1408 694 quodni
1426 625 1489 680 lais·

419 712 486 774 rim,
500 708 565 762 lieu.
581 708 649 772 554.
979 723 1035 759 sem
1050 704 1271 776 incogitsusfflh.
1288 705 1352 758 155.
1365 735 1406 745 —
1417 707 1488 777 qood

461 791 518 860 Quo
532 778 673 856 (Οιιιη),
692 805 747 859 quo
760 786 863 858 sequior
874 805 933 840 sum
978 787 1001 840 si
1016 803 1066 857 ego
1077 787 1212 839 rescissem
1226 783 1254 837 id
1269 785 1361 856 prius,
1379 789 1411 838 Δ.
1426 789 1488 840 058.

419 869 576 942 Pamphilo,
596 868 636 934 si,
655 867 692 922 A.
708 867 829 931 430-
848 867 870 920 si
887 885 935 939 po·
980 895 1018 909 --
1042 863 1115 938 quod
1140 867 1163 920 si
1187 866 1310 938 personis
1336 863 1427 918 iisdem
1452 867 1488 920 uti

419 950 483 1002 terit
495 948 612 1013 lieri,ut
624 965 659 1000 ue
673 960 751 1019 pater
763 965 813 1019 per
828 965 872 1001 me
882 960 933 1000 ste-
977 945 1037 999 aliis
1054 963 1110 998 uon
1130 946 1209 1012 licet,
1225 946 1278 998 Eu.
1302 943 1350 998 3⁵.
1366 945 1488 1016 —quod

417 1031 481 1083 tissc
495 1025 598 1092 credat,
613 1045 668 1098 quo
680 1028 769 1080 miuus
782 1027 824 1082 lte
838 1029 934 1081 liererst
978 1026 1001 1080 si
1013 1038 1073 1079 astu
1088 1043 1146 1080 retu
1160 1026 1298 1090 tnctavit,
1310 1025 1364 1077 Eu.
1375 1026 1438 1093 9²3·
1452 1057 1488 1068 -

416 1109 535 1180 nuptie,
551 1109 629 1172 volo,
643 1109 674 1162 Δ.
692 1123 757 1178 701.
778 1137 819 1152 -
834 1125 869 1161 ue
890 1126 934 1161 re·
978 1103 1053 1177 quod
1077 1107 1099 1159 si
1122 1107 1220 1160 iterum
1244 1105 1313 1158 mihi
1335 1105 1369 1157 sit
1390 1103 1487 1170 drudo,

419 1201 554 1249 vereatur,
578 1189 666 1240 miuus
688 1190 743 1257 jam
764 1205 819 1260 quo
843 1185 934 1242 redeat
977 1185 1042 1240 Heu.
1057 1184 1268 1257 tto-quot
1287 1184 1310 1237 si
1326 1185 1350 1236 ia
1367 1201 1486 1240 uuncme

416 1268 547 1329 domum,
563 1267 613 1320 lle.
629 1268 695 1322 630.
977 1264 1128 1338 deceperit,
1141 1267 1209 1318 llea.
1234 1271 1303 1336 7²4.
1319 1296 1360 1306 -
1378 1265 1485 1336 quodsi

459 1350 517 1419 Quo
538 1335 700 1415 (Quanto);
719 1365 774 1419 quo
795 1359 824 1399 ιιι
844 1346 935 1399 mines
977 1361 1070 1400 omues
1092 1346 1184 1399 omnir
1202 1363 1251 1399 sur
1273 1344 1387 1398 coucilia
1401 1347 1485 1398 coule-

417 1428 468 1482 scis
490 1445 624 1481 erumnas
645 1443 732 1490 mess,
756 1429 789 1480 A.
809 1427 878 1480 656.
893 1457 929 1468 -
976 1437 1053 1484 rant.
1070 1423 1122 1480 Ad.
1138 1427 1201 1480 300.
1215 1423 1380 1496 -quodsi
1394 1425 1486 1479 sbersrt

417 1527 473 1581 quo
489 1507 666 1578 megis,quss
689 1507 758 1576 egis,
780 1523 851 1559 cure
870 1517 933 1559 suot
977 1504 1098 1576 lougius,
1125 1503 1183 1559 Ad.
1206 1504 1274 1560 526.
1300 1535 1341 1550 -
1367 1504 1438 1576 quod
1466 1505 1486 1558 ri

418 1587 496 1642 mihi.
517 1586 581 1652 Quo
604 1587 645 1638 vir
666 1585 761 1639 melior
783 1587 869 1639 multo
890 1603 930 1648 es,
975 1585 1133 1657 scripturam
1150 1585 1310 1657 rprevissem
1332 1584 1361 1636 iu
1380 1603 1485 1656 prum·

415 1687 497 1742 quam
510 1685 575 1738 ego,
587 1664 643 1720 Ad.
656 1668 730 1730 684,
742 1685 808 1735 709.
820 1696 862 1710 --
875 1683 932 1738 quo
976 1664 1026 1722 tia.
1043 1665 1093 1719 lle.
1107 1673 1153 1730 ²4·
1177 1695 1218 1708 -·-
1232 1663 1309 1737 quod
1331 1666 1355 1718 si
1377 1655 1486 1718 rescierit

417 1747 501 1820 magis
515 1763 608 1800 omues
627 1763 670 1800 res
689 1746 804 1812 cautius,
821 1762 934 1811 accuro,
975 1746 1197 1818 peperissem,
1210 1743 1261 1797 lle.
1273 1743 1343 1814 ⁵¹9·
1364 1743 1485 1817 -quod

417 1827 467 1881 lle.
479 1827 546 1897 738.
557 1843 664 1897 -quo
676 1827 847 1896 magisnori,
857 1837 931 1878 tanto
975 1825 998 1877 si
1017 1825 1190 1896 intelligeret,
1212 1825 1263 1877 Ph.
1278 1844 1308 1894 9.
1323 1857 1364 1868 -
1379 1824 1449 1897 quod
1465 1825 1483 1878 ri

416 1905 532 1980 sapius.
545 1905 598 1967 Plr.
611 1904 677 1959 aas.
978 1922 1011 1957 eo
1032 1923 1098 1960 mess
1111 1907 1229 1958 fortune
1241 1903 1376 1970 redeunt,
1388 1918 1431 1970 ut,
1441 1905 1485 1960 Pl.

460 1985 563 2056 Quoad,-
591 2003 680 2038 seuem
691 1982 780 2055 quoed
792 1983 935 2056 expectetis
979 2002 1043 2037 sor.
1052 2015 1092 2028 -·
1104 1983 1179 2057 quod
1193 1985 1215 2037 si
1227 1985 1272 2038 hic
1282 1985 1413 2056 potuisset
1422 2005 1485 2037 uuor

418 2065 559 2119 vostrum?
579 2065 629 2117 Ph.
650 2066 715 2128 148.
732 2095 773 2106 -
792 2076 933 2136 perconta-
977 2064 1112 2118 exorsrier
1129 2063 1251 2118 triduum
1275 2066 1345 2130 hoc,
1364 2065 1413 2118 Ph.
1426 2065 1483 2127 stt.

418 2159 476 2200 tum
484 2144 530 2198 ibo
543 2143 577 2198 asl
586 2157 707 2216 portum,
720 2143 810 2216 quotd
824 2163 851 2197 se
862 2145 932 2198 reci·
975 2175 1017 2188 ·-
1027 2144 1102 2216 quod
1114 2145 1136 2198 si
1147 2163 1209 2198 eum
1220 2163 1296 2198 nuuc
1305 2146 1424 2217 reperire
1433 2163 1484 2217 pus·

418 2227 492 2297 plut,
507 2225 557 2278 Ph.
575 2228 641 2280 462.
976 2225 1039 2288 sim,
1055 2225 1105 2279 Ph.
1121 2227 1189 2295 737.

459 2307 633 2376 Qmsrorqm
655 2321 826 2375 quocumque
851 2302 932 2358 sdve-
1018 2304 1095 2374 Quod
1111 2295 1304 2374 (antum);
1331 2323 1482 2358 muuusuo·

416 2387 503 2451 ueris,
525 2383 574 2437 lle·
592 2385 658 2438 860.
975 2395 1060 2437 strum
1074 2399 1170 2438 ornato
1182 2386 1279 2448 verbis,
1290 2385 1368 2457 qood
1379 2385 1482 2456 poteris:

461 2464 537 2535 Quod
555 2459 718 2533 (conjunct.
745 2459 844 2528 060),
867 2480 930 2535 pro·
976 2464 1098 2518 eristum
1111 2465 1259 2528 emulum,
1279 2465 1355 2536 quod
1376 2465 1482 2536 poteris,

417 2558 511 2618 ptores
530 2542 620 2616 quod,
638 2544 671 2596 Α.
695 2541 741 2596 38.
757 2574 797 2586 —-
818 2543 862 2595 tel
885 2551 931 2610 tu,
976 2541 1010 2596 ab
1027 2561 1056 2596 ea
1074 2545 1182 2617 pellito,
1198 2545 1249 2598 Eu.
1273 2552 1351 2610 ιιι,
1376 2544 1481 2598 sti.-

419 2627 462 2680 vel
477 2623 551 2698 quod
563 2642 659 2677 verum
671 2634 729 2688 est,
740 2622 783 2675 rel
794 2621 869 2692 quod
880 2623 932 2694 ipsi
976 2622 1049 2694 quod
1055 2639 1160 2696 potero,
1173 2624 1305 2697 adjutabo
1316 2639 1417 2688 senem,
1428 2624 1480 2677 list.

417 2705 500 2778 cupio
513 2705 657 2777 Glycerio,
669 2702 706 2757 Δ.
721 2705 788 2770 906.
802 2733 843 2746 —
855 2721 932 2768 ssue,
977 2707 1046 2766 416.
1060 2737 1100 2748 -
1112 2723 1185 2759 serva
1206 2703 1281 2778 quod
1301 2705 1331 2758 in
1351 2718 1378 2758 te
1394 2717 1445 2768 est,
1461 2717 1482 2756 et

417 2784 492 2857 quod
515 2785 566 2838 tibi
586 2801 660 2837 nono
683 2781 725 2834 tir
740 2780 864 2834 videntur
877 2798 933 2836 esse
977 2783 1080 2849 lilium,
1095 2797 1123 2838 et
1144 2803 1203 2850 me,
1220 2797 1248 2838 et
1268 2784 1415 2847 femiliem,
1428 2785 1481 2836 lica.

417 2866 476 2931 laio,
493 2865 595 2918 nebulo
607 2881 719 2934 maguus
731 2874 786 2926 est,
801 2861 853 2916 liu.
866 2863 931 2933 784.
978 2864 1047 2927 846.
1062 2863 1185 2934 -quod
1195 2877 1299 2936 potero,
1314 2864 1416 2929 enitar,
1427 2864 1481 2916 Hes

418 2963 531 3000 -uam
546 2943 622 3017 quod
636 2961 759 2998 rumores
773 2941 934 2996 distulerunt
981 2949 1060 3006 solo.
1086 2962 1127 2978 ··-
1149 2943 1224 3016 quod
1246 2963 1334 3016 queo,
1359 2944 1483 2998 cousenis

418 3025 560 3090 malevoli,
574 3023 638 3077 Hcs.
654 3027 701 3076 16.
712 3052 752 3064 -
769 3020 833 3074 inde
850 3021 932 3088 rdeo,
977 3021 1010 3074 sd
1032 3022 1156 3077 eumdem
1178 3024 1266 3077 istunc
1287 3025 1420 3098 precipio
1437 3041 1482 3076 mo

418 3104 493 3176 quod
508 3123 602 3176 sgrum
617 3104 646 3157 iu
659 3103 784 3175 proximo
799 3103 844 3156 hic
861 3119 933 3155 mer·
977 3100 1058 3170 dum,
1082 3103 1134 3158 Ad.
1159 3111 1225 3169 Μ.
1241 3137 1283 3147 -
1302 3105 1398 3168 istem,
1420 3102 1482 3176 qood

417 3197 492 3238 cetur
506 3202 544 3238 es.
556 3182 638 3249 Quod
652 3183 718 3236 milri
732 3181 825 3235 ridere
837 3194 933 3253 prater
977 3195 1068 3253 potes,
1081 3185 1122 3237 luc
1137 3185 1291 3249 consolat,
1303 3183 1361 3238 Ad.
1375 3185 1440 3238 513.
1450 3213 1482 3225 -

419 3277 521 3318 atatem
535 3277 607 3317 tuum
622 3264 722 3328 iacere,
737 3261 803 3315 llea.
818 3262 869 3328 ⁵4,
884 3264 931 3331 ⁵9.
975 3262 1120 3334 prodidisti
1134 3277 1160 3317 et
1180 3277 1221 3327 te,
1236 3277 1266 3317 ct
1280 3277 1408 3336 gnatum,
1421 3261 1482 3336 quod

417 3375 458 3388 -
488 3355 681 3418 preterquam,
714 3343 756 3396 tui
787 3342 932 3396 carendum
976 3342 1131 3415 quidemlu
1157 3355 1184 3398 te
1210 3345 1275 3408 luit,
1296 3343 1350 3397 Ad.
1373 3347 1482 3414 696.-

418 3423 573 3496 quoderat,
587 3423 653 3476 Hes.
668 3429 780 3486 400-
792 3421 932 3493 quodfllie
976 3425 1087 3476 meritos
1099 3435 1139 3477 cst
1151 3423 1185 3478 de
1201 3443 1257 3490 me,
1277 3424 1354 3496 quod
1377 3441 1480 3495 queem,

418 3517 458 3558 est
472 3503 598 3559 inventa?
614 3503 665 3557 Cu.
684 3503 763 3555 Nou:
778 3499 841 3563 sed,
856 3501 932 3574 qood
975 3501 1015 3556 illi
1036 3515 1067 3556 ut
1091 3503 1278 3570 commodem,
1300 3503 1352 3558 He.
1372 3507 1433 3574 760.
1450 3533 1481 3546 -

417 3585 501 3655 tuagis
513 3581 677 3637 credendum
691 3583 754 3643 siet,
769 3580 798 3634 id
811 3581 885 3653 quod
894 3595 933 3636 est
976 3599 1026 3652 ego
1053 3583 1127 3654 qood
1150 3585 1246 3656 potui,
1267 3603 1354 3656 porro
1380 3572 1482 3648 (leci),

417 3663 564 3718 consimilis
587 3663 724 3728 moribus,
750 3659 815 3715 lica.
840 3681 931 3728 ιοιο,
974 3662 1024 3716 Plu
1042 3666 1107 3734 478.

420 3757 583 3798 roso-tu
595 3742 672 3814 quod
682 3755 709 3796 te
721 3743 853 3814 posterius
866 3761 932 3814 pur·
1018 3743 1163 3813 Quomodo‚·
1177 3761 1232 3796 uon
1245 3762 1319 3797 uunc
1331 3741 1368 3796 de
1381 3741 1479 3814 permis

415 3843 475 3894 ges,
496 3823 551 3880 Ad.
576 3821 641 3878 16³.
662 3853 703 3866 -
726 3835 757 3875 tu
783 3822 843 3875 illos
863 3821 931 3876 duos
976 3825 1078 3893 egitur:
1101 3822 1146 3876 sed
1171 3821 1257 3888 illud,
1283 3821 1422 3895 quomodo
1440 3821 1480 3874 ui·

417 3904 483 3958 olim
504 3923 555 3976 pro
580 3921 611 3956 rc
636 3902 748 3956 tollebas
772 3913 831 3964 tua.
857 3902 931 3974 quod
975 3902 1050 3956 ulmo
1065 3905 1164 3976 periclo
1185 3901 1212 3956 id
1223 3903 1330 3957 *demus
1345 3902 1478 3958 adolescet·

416 3985 478 4037 ostis
502 3985 614 4056 potebas
637 3995 684 4036 tus
704 3981 776 4035 bona
801 3983 931 4036 ambobus
976 3984 1050 4049 tulo,
1064 3985 1128 4036 llea.
1145 3987 1212 4054 476.
1226 4013 1269 4024 -·
1288 3983 1411 4036 meritur!
1425 3999 1479 4052 quo·

413 4065 484 4129 lore,
499 4062 553 4118 Ad.
563 4066 627 4126 814.
640 4093 680 4104 -
692 4062 831 4115 sinautem
844 4075 883 4116 est
894 4065 930 4117 ob
975 4063 1079 4116 modo?
1098 4063 1162 4117 llea.
1178 4063 1247 4117 815.
1267 4094 1307 4106 --
1324 4063 1407 4135 idque
1423 4060 1477 4114 uteo

414 4162 473 4198 erm
484 4163 542 4198 rem
553 4144 635 4196 iratus
646 4141 841 4213 gustus,quo‹l
851 4161 932 4214 pepe·
975 4144 1071 4202 miror,
1086 4142 1243 4214 quomodo,
1266 4143 1333 4196 Rea.
1359 4145 1476 4197 1006.-

410 4224 447 4276 rit
463 4243 531 4278 uxor
544 4225 628 4290 clem,
641 4220 690 4276 lle.
706 4223 780 4293 7⁸²³
795 4235 821 4276 et
834 4224 907 4276 olibi.
976 4241 1032 4276 oon
1054 4224 1170 4296 queris,
1190 4224 1261 4295 patri
1283 4221 1423 4294 quomodo
1440 4220 1477 4272 ol·
