<?xml version="1.0" encoding="UTF-8"?>
<!DOCTYPE html PUBLIC "-//W3C//DTD XHTML 1.0 Transitional//EN"
    "http://www.w3.org/TR/xhtml1/DTD/xhtml1-transitional.dtd">
<html xmlns="http://www.w3.org/1999/xhtml" xml:lang="en" lang="en">
 <head>
  <title>
</title>
<meta http-equiv="Content-Type" content="text/html;charset=utf-8" />
  <meta name='ocr-system' content='tesseract 3.04.00' />
  <meta name='ocr-capabilities' content='ocr_page ocr_carea ocr_par ocr_line ocrx_word'/>
</head>
<body>
  <div class='ocr_page' id='page_1' title='image "./publiiterentiia00lemagoog/publiiterentiia00lemagoog_0023.png"; bbox 0 0 3120 5178; ppageno 0'>
   <div class='ocr_carea' id='block_1_1' title="bbox 414 507 1246 630">
    <p class='ocr_par' dir='ltr' id='par_1_1' title="bbox 414 507 1246 630">
     <span class='ocr_line' id='line_1_1' title="bbox 414 507 1246 630; baseline 0.006 -46"><span class='ocrx_word' id='word_1_1' title='bbox 414 519 652 586; x_wconf 73' lang='lat' dir='ltr'>innnen.</span> <span class='ocrx_word' id='word_1_2' title='bbox 681 507 787 586; x_wconf 71' lang='lat' dir='ltr'>ier.</span> <span class='ocrx_word' id='word_1_3' title='bbox 814 519 847 602; x_wconf 89' lang='lat'>1,</span> <span class='ocrx_word' id='word_1_4' title='bbox 870 518 937 584; x_wconf 80' lang='lat' dir='ltr'>sc,</span> <span class='ocrx_word' id='word_1_5' title='bbox 967 520 994 584; x_wconf 92' lang='lat'>1.</span> <span class='ocrx_word' id='word_1_6' title='bbox 1181 517 1246 630; x_wconf 16' lang='lat'>&#39;13</span> 
     </span>
    </p>
   </div>
   <div class='ocr_carea' id='block_1_2' title="bbox 150 647 1249 1170">
    <p class='ocr_par' dir='ltr' id='par_1_2' title="bbox 150 647 1014 744">
     <span class='ocr_line' id='line_1_2' title="bbox 150 647 1014 744; baseline -0.001 -26"><span class='ocrx_word' id='word_1_7' title='bbox 150 653 294 734; x_wconf 78' lang='lat' dir='ltr'>Parare,</span> <span class='ocrx_word' id='word_1_8' title='bbox 316 649 413 744; x_wconf 91' lang='lat' dir='ltr'>quod</span> <span class='ocrx_word' id='word_1_9' title='bbox 435 652 481 718; x_wconf 87' lang='lat' dir='ltr'>sit</span> <span class='ocrx_word' id='word_1_10' title='bbox 504 651 632 736; x_wconf 81' lang='lat' dir='ltr'>carius,</span> <span class='ocrx_word' id='word_1_11' title='bbox 648 673 749 744; x_wconf 82' lang='lat' dir='ltr'>quain</span> <span class='ocrx_word' id='word_1_12' title='bbox 773 649 844 744; x_wconf 87' lang='lat' dir='ltr'>ipse</span> <span class='ocrx_word' id='word_1_13' title='bbox 863 662 913 718; x_wconf 83' lang='lat' dir='ltr'>est</span> <span class='ocrx_word' id='word_1_14' title='bbox 933 647 1014 718; x_wconf 78' lang='lat' dir='ltr'>sibi?</span> 
     </span>
    </p>

    <p class='ocr_par' dir='ltr' id='par_1_3' title="bbox 153 754 1249 956">
     <span class='ocr_line' id='line_1_3' title="bbox 153 754 1249 851; baseline -0.004 -25"><span class='ocrx_word' id='word_1_15' title='bbox 153 759 259 851; x_wconf 82' lang='lat' dir='ltr'>Atqui</span> <span class='ocrx_word' id='word_1_16' title='bbox 276 783 318 825; x_wconf 85' lang='lat' dir='ltr'>ex</span> <span class='ocrx_word' id='word_1_17' title='bbox 337 782 395 826; x_wconf 91' lang='lat' dir='ltr'>me</span> <span class='ocrx_word' id='word_1_18' title='bbox 409 757 468 824; x_wconf 85' lang='lat' dir='ltr'>hic</span> <span class='ocrx_word' id='word_1_19' title='bbox 484 782 555 826; x_wconf 90' lang='lat' dir='ltr'>non</span> <span class='ocrx_word' id='word_1_20' title='bbox 571 771 668 826; x_wconf 84' lang='lat' dir='ltr'>natus</span> <span class='ocrx_word' id='word_1_21' title='bbox 683 770 752 843; x_wconf 87' lang='lat' dir='ltr'>est,</span> <span class='ocrx_word' id='word_1_22' title='bbox 768 755 825 824; x_wconf 90' lang='lat' dir='ltr'>sed</span> <span class='ocrx_word' id='word_1_23' title='bbox 843 778 884 823; x_wconf 81' lang='lat' dir='ltr'>ex</span> <span class='ocrx_word' id='word_1_24' title='bbox 901 754 1014 824; x_wconf 84' lang='lat' dir='ltr'>fratre.</span> <span class='ocrx_word' id='word_1_25' title='bbox 1034 757 1067 825; x_wconf 93' lang='lat' dir='ltr'>Is</span> <span class='ocrx_word' id='word_1_26' title='bbox 1086 756 1169 827; x_wconf 84' lang='lat' dir='ltr'>adeo</span> <span class='ocrx_word' id='word_1_27' title='bbox 1224 788 1249 832; x_wconf 66' lang='lat'>4..</span> 
     </span>
     <span class='ocr_line' id='line_1_4' title="bbox 154 859 1059 956; baseline -0.006 -23"><span class='ocrx_word' id='word_1_28' title='bbox 154 864 342 933; x_wconf 80' lang='lat' dir='ltr'>Dissimilis</span> <span class='ocrx_word' id='word_1_29' title='bbox 365 863 478 932; x_wconf 86' lang='lat' dir='ltr'>studio</span> <span class='ocrx_word' id='word_1_30' title='bbox 498 877 565 949; x_wconf 87' lang='lat' dir='ltr'>est,</span> <span class='ocrx_word' id='word_1_31' title='bbox 580 863 648 956; x_wconf 88' lang='lat' dir='ltr'>jam</span> <span class='ocrx_word' id='word_1_32' title='bbox 669 861 746 930; x_wconf 88' lang='lat' dir='ltr'>inde</span> <span class='ocrx_word' id='word_1_33' title='bbox 763 861 805 930; x_wconf 81' lang='lat' dir='ltr'>ab</span> <span class='ocrx_word' id='word_1_34' title='bbox 825 859 1059 930; x_wconf 84' lang='lat' dir='ltr'>adolescentia.</span> 
     </span>
    </p>

    <p class='ocr_par' dir='ltr' id='par_1_4' title="bbox 157 959 1150 1170">
     <span class='ocr_line' id='line_1_5' title="bbox 157 959 1150 1066; baseline 0 -26"><span class='ocrx_word' id='word_1_35' title='bbox 157 975 235 1066; x_wconf 83' lang='lat' dir='ltr'>Ego</span> <span class='ocrx_word' id='word_1_36' title='bbox 255 971 350 1040; x_wconf 83' lang='lat' dir='ltr'>hanc</span> <span class='ocrx_word' id='word_1_37' title='bbox 371 969 574 1048; x_wconf 81' lang='lat' dir='ltr'>clementem</span> <span class='ocrx_word' id='word_1_38' title='bbox 596 959 696 1038; x_wconf 77' lang='lat' dir='ltr'>iilam</span> <span class='ocrx_word' id='word_1_39' title='bbox 718 968 899 1055; x_wconf 85' lang='lat' dir='ltr'>urbanam,</span> <span class='ocrx_word' id='word_1_40' title='bbox 926 982 1026 1064; x_wconf 85' lang='lat' dir='ltr'>atque</span> <span class='ocrx_word' id='word_1_41' title='bbox 1046 973 1150 1040; x_wconf 88' lang='lat' dir='ltr'>otium</span> 
     </span>
     <span class='ocr_line' id='line_1_6' title="bbox 158 1075 1030 1170; baseline -0.005 -22"><span class='ocrx_word' id='word_1_42' title='bbox 158 1081 304 1148; x_wconf 84' lang='lat' dir='ltr'>Secutus</span> <span class='ocrx_word' id='word_1_43' title='bbox 324 1103 420 1161; x_wconf 82' lang='lat' dir='ltr'>sum,</span> <span class='ocrx_word' id='word_1_44' title='bbox 436 1090 470 1145; x_wconf 90' lang='lat' dir='ltr'>et</span> <span class='ocrx_word' id='word_1_45' title='bbox 488 1076 580 1170; x_wconf 90' lang='lat' dir='ltr'>quod</span> <span class='ocrx_word' id='word_1_46' title='bbox 598 1075 803 1145; x_wconf 80' lang='lat' dir='ltr'>fortunatum</span> <span class='ocrx_word' id='word_1_47' title='bbox 822 1075 877 1144; x_wconf 86' lang='lat' dir='ltr'>isti</span> <span class='ocrx_word' id='word_1_48' title='bbox 891 1090 1030 1170; x_wconf 87' lang='lat' dir='ltr'>putant,</span> 
     </span>
    </p>
   </div>
   <div class='ocr_carea' id='block_1_3' title="bbox 147 1297 1272 4256">
    <p class='ocr_par' dir='ltr' id='par_1_5' title="bbox 147 1297 1272 4256">
     <span class='ocr_line' id='line_1_7' title="bbox 162 1297 1247 1379; baseline 0.002 -21"><span class='ocrx_word' id='word_1_49' title='bbox 162 1307 239 1379; x_wconf 82' lang='lat' dir='ltr'>Lips.</span> <span class='ocrx_word' id='word_1_50' title='bbox 256 1317 285 1359; x_wconf 87' lang='lat' dir='ltr'>et</span> <span class='ocrx_word' id='word_1_51' title='bbox 299 1305 343 1359; x_wconf 86' lang='lat' dir='ltr'>ed.</span> <span class='ocrx_word' id='word_1_52' title='bbox 356 1306 438 1378; x_wconf 86' lang='lat' dir='ltr'>prim.</span> <span class='ocrx_word' id='word_1_53' title='bbox 452 1305 554 1358; x_wconf 84' lang='lat' dir='ltr'>habent</span> <span class='ocrx_word' id='word_1_54' title='bbox 565 1307 688 1356; x_wconf 74' lang='lat' dir='ltr'><em>instituere</em></span> <span class='ocrx_word' id='word_1_55' title='bbox 730 1305 791 1358; x_wconf 78' lang='lat' dir='ltr'>adeo</span> <span class='ocrx_word' id='word_1_56' title='bbox 805 1304 932 1358; x_wconf 89' lang='lat' dir='ltr'>nobilem.</span> <span class='ocrx_word' id='word_1_57' title='bbox 947 1331 957 1352; x_wconf 80' lang='grc' dir='ltr'>ι</span> <span class='ocrx_word' id='word_1_58' title='bbox 972 1297 1152 1374; x_wconf 81' lang='lat' dir='ltr'>Donat.(Vid.</span> <span class='ocrx_word' id='word_1_59' title='bbox 1161 1307 1213 1362; x_wconf 85' lang='lat' dir='ltr'>vol.</span> <span class='ocrx_word' id='word_1_60' title='bbox 1226 1309 1247 1369; x_wconf 88' lang='lat'>1,</span> 
     </span>
     <span class='ocr_line' id='line_1_8' title="bbox 162 1380 1256 1457; baseline -0.001 -19"><span class='ocrx_word' id='word_1_61' title='bbox 162 1391 190 1438; x_wconf 78' lang='lat' dir='ltr'>in</span> <span class='ocrx_word' id='word_1_62' title='bbox 211 1389 302 1439; x_wconf 75' lang='lat' dir='ltr'>animo.</span> <span class='ocrx_word' id='word_1_63' title='bbox 336 1418 372 1434; x_wconf 56' lang='grc'>,-</span> <span class='ocrx_word' id='word_1_64' title='bbox 394 1385 508 1456; x_wconf 80' lang='lat' dir='ltr'>Aliquid.</span> <span class='ocrx_word' id='word_1_65' title='bbox 534 1385 687 1437; x_wconf 86' lang='lat' dir='ltr'>Membrum</span> <span class='ocrx_word' id='word_1_66' title='bbox 730 1403 789 1457; x_wconf 76' lang='lat' dir='ltr'>pag.</span> <span class='ocrx_word' id='word_1_67' title='bbox 811 1380 889 1446; x_wconf 78' lang='lat'>253.)</span> <span class='ocrx_word' id='word_1_68' title='bbox 1252 1381 1256 1390; x_wconf 78' lang='grc'><strong>“</strong></span> 
     </span>
     <span class='ocr_line' id='line_1_9' title="bbox 163 1464 1248 1538; baseline 0.001 -19"><span class='ocrx_word' id='word_1_69' title='bbox 163 1464 339 1538; x_wconf 75' lang='lat' dir='ltr'>aliquod—</span> <span class='ocrx_word' id='word_1_70' title='bbox 351 1466 380 1516; x_wconf 89' lang='lat' dir='ltr'><em>V</em></span> <span class='ocrx_word' id='word_1_71' title='bbox 378 1466 424 1516; x_wconf 80' lang='lat' dir='ltr'>ali!</span> <span class='ocrx_word' id='word_1_72' title='bbox 435 1484 604 1537; x_wconf 77' lang='lat' dir='ltr'>quemquamne</span> <span class='ocrx_word' id='word_1_73' title='bbox 614 1466 688 1516; x_wconf 71' lang='lat' dir='ltr'>leomi-</span> <span class='ocrx_word' id='word_1_74' title='bbox 771 1472 816 1529; x_wconf 64' lang='grc' dir='ltr'>ἀι.</span> <span class='ocrx_word' id='word_1_75' title='bbox 837 1465 969 1516; x_wconf 80' lang='lat' dir='ltr'>Dissimilis</span> <span class='ocrx_word' id='word_1_76' title='bbox 988 1465 1053 1518; x_wconf 83' lang='lat' dir='ltr'>stnd.</span> <span class='ocrx_word' id='word_1_77' title='bbox 1074 1466 1118 1519; x_wconf 84' lang='lat' dir='ltr'>Sic</span> <span class='ocrx_word' id='word_1_78' title='bbox 1140 1467 1248 1520; x_wconf 85' lang='lat' dir='ltr'>Veterr.</span> 
     </span>
     <span class='ocr_line' id='line_1_10' title="bbox 163 1542 1252 1599; baseline 0.001 -1"><span class='ocrx_word' id='word_1_79' title='bbox 163 1567 218 1599; x_wconf 76' lang='lat' dir='ltr'>nere</span> <span class='ocrx_word' id='word_1_80' title='bbox 231 1551 257 1598; x_wconf 71' lang='grc' dir='ltr'>ἐι</span> <span class='ocrx_word' id='word_1_81' title='bbox 272 1550 380 1598; x_wconf 80' lang='lat' dir='ltr'>animum</span> <span class='ocrx_word' id='word_1_82' title='bbox 392 1549 523 1598; x_wconf 74' lang='lat' dir='ltr'><em>instituere.</em></span> <span class='ocrx_word' id='word_1_83' title='bbox 534 1544 613 1597; x_wconf 87' lang='lat' dir='ltr'>llicce</span> <span class='ocrx_word' id='word_1_84' title='bbox 627 1545 688 1595; x_wconf 86' lang='lat' dir='ltr'>inli·</span> <span class='ocrx_word' id='word_1_85' title='bbox 732 1543 793 1598; x_wconf 88' lang='lat' dir='ltr'>cod.</span> <span class='ocrx_word' id='word_1_86' title='bbox 804 1546 881 1598; x_wconf 86' lang='lat' dir='ltr'>Bent.</span> <span class='ocrx_word' id='word_1_87' title='bbox 893 1545 925 1596; x_wconf 87' lang='lat' dir='ltr'>ln</span> <span class='ocrx_word' id='word_1_88' title='bbox 937 1542 995 1597; x_wconf 81' lang='lat' dir='ltr'>aliie</span> <span class='ocrx_word' id='word_1_89' title='bbox 1006 1545 1061 1597; x_wconf 79' lang='lat' dir='ltr'>Mne</span> <span class='ocrx_word' id='word_1_90' title='bbox 1072 1558 1099 1599; x_wconf 92' lang='lat' dir='ltr'>et</span> <span class='ocrx_word' id='word_1_91' title='bbox 1112 1544 1175 1599; x_wconf 86' lang='lat' dir='ltr'>edd·</span> <span class='ocrx_word' id='word_1_92' title='bbox 1191 1547 1252 1599; x_wconf 82' lang='lat' dir='ltr'>Dis·</span> 
     </span>
     <span class='ocr_line' id='line_1_11' title="bbox 163 1622 1250 1698; baseline 0 -18"><span class='ocrx_word' id='word_1_93' title='bbox 163 1628 268 1680; x_wconf 81' lang='lat' dir='ltr'>nitivus</span> <span class='ocrx_word' id='word_1_94' title='bbox 281 1623 352 1678; x_wconf 88' lang='lat' dir='ltr'>nihil</span> <span class='ocrx_word' id='word_1_95' title='bbox 367 1625 475 1678; x_wconf 76' lang='lat' dir='ltr'>habeta</span> <span class='ocrx_word' id='word_1_96' title='bbox 492 1643 546 1696; x_wconf 89' lang='lat' dir='ltr'>quo</span> <span class='ocrx_word' id='word_1_97' title='bbox 559 1622 688 1695; x_wconf 75' lang='lat' dir='ltr'>pendent3</span> <span class='ocrx_word' id='word_1_98' title='bbox 730 1626 812 1678; x_wconf 80' lang='lat' dir='ltr'>simili.</span> <span class='ocrx_word' id='word_1_99' title='bbox 826 1624 899 1696; x_wconf 81' lang='lat' dir='ltr'>Gny.</span> <span class='ocrx_word' id='word_1_100' title='bbox 913 1624 986 1678; x_wconf 89' lang='lat' dir='ltr'>hunc</span> <span class='ocrx_word' id='word_1_101' title='bbox 995 1643 1118 1690; x_wconf 76' lang='lat' dir='ltr'>versum,</span> <span class='ocrx_word' id='word_1_102' title='bbox 1135 1639 1166 1678; x_wconf 91' lang='lat' dir='ltr'>nt</span> <span class='ocrx_word' id='word_1_103' title='bbox 1180 1645 1250 1698; x_wconf 75' lang='lat' dir='ltr'>repe</span> 
     </span>
     <span class='ocr_line' id='line_1_12' title="bbox 163 1700 1250 1769; baseline 0 -11"><span class='ocrx_word' id='word_1_104' title='bbox 163 1705 213 1758; x_wconf 80' lang='lat' dir='ltr'>red</span> <span class='ocrx_word' id='word_1_105' title='bbox 226 1708 265 1758; x_wconf 81' lang='lat' dir='ltr'>sic</span> <span class='ocrx_word' id='word_1_106' title='bbox 275 1706 389 1757; x_wconf 76' lang='lat' dir='ltr'>Veteres</span> <span class='ocrx_word' id='word_1_107' title='bbox 400 1704 538 1756; x_wconf 83' lang='lat' dir='ltr'>infinitivo</span> <span class='ocrx_word' id='word_1_108' title='bbox 550 1704 587 1755; x_wconf 87' lang='lat' dir='ltr'>uti</span> <span class='ocrx_word' id='word_1_109' title='bbox 602 1705 688 1756; x_wconf 82' lang='lat' dir='ltr'><strong>solent</strong></span> <span class='ocrx_word' id='word_1_110' title='bbox 732 1705 813 1769; x_wconf 81' lang='lat' dir='ltr'>alios,</span> <span class='ocrx_word' id='word_1_111' title='bbox 828 1700 927 1757; x_wconf 85' lang='lat' dir='ltr'>delevit</span> <span class='ocrx_word' id='word_1_112' title='bbox 938 1705 1084 1757; x_wconf 87' lang='lat' dir='ltr'>immerito.</span> <span class='ocrx_word' id='word_1_113' title='bbox 1097 1707 1200 1759; x_wconf 79' lang='lat' dir='ltr'><em>—Jam</em></span> <span class='ocrx_word' id='word_1_114' title='bbox 1213 1711 1250 1758; x_wconf 82' lang='lat' dir='ltr'>irr-</span> 
     </span>
     <span class='ocr_line' id='line_1_13' title="bbox 164 1781 1248 1856; baseline 0.001 -18"><span class='ocrx_word' id='word_1_115' title='bbox 164 1788 194 1838; x_wconf 90' lang='lat' dir='ltr'>in</span> <span class='ocrx_word' id='word_1_116' title='bbox 211 1784 440 1838; x_wconf 80' lang='lat' dir='ltr'>admirationibus</span> <span class='ocrx_word' id='word_1_117' title='bbox 453 1795 480 1836; x_wconf 85' lang='lat' dir='ltr'>et</span> <span class='ocrx_word' id='word_1_118' title='bbox 494 1781 689 1854; x_wconf 78' lang='lat' dir='ltr'>indignationi·</span> <span class='ocrx_word' id='word_1_119' title='bbox 731 1783 761 1836; x_wconf 80' lang='lat' dir='ltr'>de</span> <span class='ocrx_word' id='word_1_120' title='bbox 773 1784 806 1836; x_wconf 84' lang='lat' dir='ltr'>ab</span> <span class='ocrx_word' id='word_1_121' title='bbox 827 1783 930 1836; x_wconf 72' lang='lat' dir='ltr'>adolere.</span> <span class='ocrx_word' id='word_1_122' title='bbox 952 1784 1008 1836; x_wconf 88' lang='lat' dir='ltr'>len.</span> <span class='ocrx_word' id='word_1_123' title='bbox 1031 1785 1126 1839; x_wconf 70' lang='lat' dir='ltr'>colloc.</span> <span class='ocrx_word' id='word_1_124' title='bbox 1143 1789 1196 1856; x_wconf 82' lang='lat' dir='ltr'>jam</span> <span class='ocrx_word' id='word_1_125' title='bbox 1217 1788 1248 1840; x_wconf 85' lang='lat' dir='ltr'>ab</span> 
     </span>
     <span class='ocr_line' id='line_1_14' title="bbox 162 1863 1249 1934; baseline -0.001 -15"><span class='ocrx_word' id='word_1_126' title='bbox 162 1866 231 1929; x_wconf 83' lang='lat' dir='ltr'>bus,</span> <span class='ocrx_word' id='word_1_127' title='bbox 246 1863 488 1933; x_wconf 74' lang='lat' dir='ltr'>subintelligentes,</span> <span class='ocrx_word' id='word_1_128' title='bbox 502 1863 636 1915; x_wconf 80' lang='lat' dir='ltr'>mirandum</span> <span class='ocrx_word' id='word_1_129' title='bbox 645 1875 690 1930; x_wconf 83' lang='lat' dir='ltr'>ert,</span> <span class='ocrx_word' id='word_1_130' title='bbox 731 1864 835 1917; x_wconf 78' lang='lat' dir='ltr'>adolere.</span> <span class='ocrx_word' id='word_1_131' title='bbox 853 1863 1035 1934; x_wconf 80' lang='lat' dir='ltr'>Cecopltonin.</span> <span class='ocrx_word' id='word_1_132' title='bbox 1052 1865 1118 1918; x_wconf 77' lang='lat' dir='ltr'>Peri.</span> <span class='ocrx_word' id='word_1_133' title='bbox 1133 1897 1173 1909; x_wconf 90' lang='lat'><em>-</em></span> <span class='ocrx_word' id='word_1_134' title='bbox 1187 1867 1249 1919; x_wconf 82' lang='lat' dir='ltr'>Dis·</span> 
     </span>
     <span class='ocr_line' id='line_1_15' title="bbox 163 1939 1249 2000; baseline 0.002 -3"><span class='ocrx_word' id='word_1_135' title='bbox 163 1959 204 1997; x_wconf 69' lang='grc' dir='ltr'>ωε</span> <span class='ocrx_word' id='word_1_136' title='bbox 213 1945 340 1998; x_wconf 74' lang='lat' dir='ltr'>credibile.</span> <span class='ocrx_word' id='word_1_137' title='bbox 351 1944 515 1996; x_wconf 79' lang='lat' dir='ltr'>Ruhnkhen.</span> <span class='ocrx_word' id='word_1_138' title='bbox 525 1973 566 1983; x_wconf 87' lang='lat'><em>-</em></span> <span class='ocrx_word' id='word_1_139' title='bbox 574 1943 603 1996; x_wconf 87' lang='lat' dir='ltr'>Irr</span> <span class='ocrx_word' id='word_1_140' title='bbox 615 1947 687 1996; x_wconf 84' lang='lat' dir='ltr'>anim.</span> <span class='ocrx_word' id='word_1_141' title='bbox 731 1945 816 1996; x_wconf 79' lang='lat' dir='ltr'>similis</span> <span class='ocrx_word' id='word_1_142' title='bbox 824 1945 914 1996; x_wconf 76' lang='lat' dir='ltr'>studio.</span> <span class='ocrx_word' id='word_1_143' title='bbox 925 1939 1064 1998; x_wconf 84' lang='lat' dir='ltr'>Dissimilis</span> <span class='ocrx_word' id='word_1_144' title='bbox 1073 1946 1101 1998; x_wconf 90' lang='lat' dir='ltr'>in</span> <span class='ocrx_word' id='word_1_145' title='bbox 1111 1946 1249 2000; x_wconf 81' lang='lat' dir='ltr'>instituen-</span> 
     </span>
     <span class='ocr_line' id='line_1_16' title="bbox 165 2021 842 2095; baseline 0 -17"><span class='ocrx_word' id='word_1_146' title='bbox 165 2031 246 2078; x_wconf 69' lang='lat' dir='ltr'>r‘nrtit.</span> <span class='ocrx_word' id='word_1_147' title='bbox 260 2037 307 2076; x_wconf 80' lang='lat' dir='ltr'>aut</span> <span class='ocrx_word' id='word_1_148' title='bbox 315 2043 414 2095; x_wconf 82' lang='lat' dir='ltr'>parare.</span> <span class='ocrx_word' id='word_1_149' title='bbox 438 2023 572 2076; x_wconf 83' lang='lat' dir='ltr'>Particule</span> <span class='ocrx_word' id='word_1_150' title='bbox 586 2021 691 2075; x_wconf 84' lang='lat' dir='ltr'>antdis·</span> <span class='ocrx_word' id='word_1_151' title='bbox 731 2023 765 2077; x_wconf 79' lang='lat' dir='ltr'>dn</span> <span class='ocrx_word' id='word_1_152' title='bbox 778 2025 842 2078; x_wconf 79' lang='lat' dir='ltr'>vita.</span> 
     </span>
     <span class='ocr_line' id='line_1_17' title="bbox 163 2097 1251 2177; baseline 0 -19"><span class='ocrx_word' id='word_1_153' title='bbox 163 2097 308 2171; x_wconf 68' lang='lat' dir='ltr'>junctim,</span> <span class='ocrx_word' id='word_1_154' title='bbox 329 2103 427 2156; x_wconf 75' lang='lat' dir='ltr'>indioet</span> <span class='ocrx_word' id='word_1_155' title='bbox 445 2101 512 2155; x_wconf 81' lang='lat' dir='ltr'>duas</span> <span class='ocrx_word' id='word_1_156' title='bbox 530 2121 572 2155; x_wconf 79' lang='lat' dir='ltr'>res</span> <span class='ocrx_word' id='word_1_157' title='bbox 583 2102 629 2157; x_wconf 81' lang='lat' dir='ltr'>hie</span> <span class='ocrx_word' id='word_1_158' title='bbox 646 2103 689 2174; x_wconf 78' lang='lat' dir='ltr'>agi</span> <span class='ocrx_word' id='word_1_159' title='bbox 773 2111 818 2167; x_wconf 68' lang='lat' dir='ltr'>rin.</span> <span class='ocrx_word' id='word_1_160' title='bbox 837 2098 919 2156; x_wconf 80' lang='lat' dir='ltr'>Vitam</span> <span class='ocrx_word' id='word_1_161' title='bbox 939 2103 1055 2158; x_wconf 76' lang='lat' dir='ltr'>urbanam</span> <span class='ocrx_word' id='word_1_162' title='bbox 1074 2117 1145 2177; x_wconf 84' lang='lat' dir='ltr'>ntqne</span> <span class='ocrx_word' id='word_1_163' title='bbox 1164 2111 1251 2158; x_wconf 81' lang='lat' dir='ltr'>otium-</span> 
     </span>
     <span class='ocr_line' id='line_1_18' title="bbox 165 2183 1251 2254; baseline 0 -16"><span class='ocrx_word' id='word_1_164' title='bbox 165 2185 304 2248; x_wconf 67' lang='lat' dir='ltr'>diversm</span> <span class='ocrx_word' id='word_1_165' title='bbox 315 2183 560 2236; x_wconf 82' lang='lat' dir='ltr'>scilicetinnnimnm</span> <span class='ocrx_word' id='word_1_166' title='bbox 574 2185 686 2245; x_wconf 75' lang='lat' dir='ltr'><em>instituit,</em></span> <span class='ocrx_word' id='word_1_167' title='bbox 732 2183 803 2236; x_wconf 88' lang='lat' dir='ltr'>Vide</span> <span class='ocrx_word' id='word_1_168' title='bbox 819 2203 852 2236; x_wconf 85' lang='lat' dir='ltr'>nn</span> <span class='ocrx_word' id='word_1_169' title='bbox 865 2183 1008 2254; x_wconf 83' lang='lat' dir='ltr'>legendnm</span> <span class='ocrx_word' id='word_1_170' title='bbox 1023 2187 1069 2251; x_wconf 83' lang='lat' dir='ltr'>nit,</span> <span class='ocrx_word' id='word_1_171' title='bbox 1085 2191 1162 2238; x_wconf 82' lang='lat' dir='ltr'>vitam</span> <span class='ocrx_word' id='word_1_172' title='bbox 1176 2186 1251 2239; x_wconf 82' lang='lat' dir='ltr'>nrbn·</span> 
     </span>
     <span class='ocr_line' id='line_1_19' title="bbox 165 2261 1250 2337; baseline 0.002 -21"><span class='ocrx_word' id='word_1_173' title='bbox 165 2268 218 2337; x_wconf 82' lang='lat' dir='ltr'>qni</span> <span class='ocrx_word' id='word_1_174' title='bbox 258 2263 351 2316; x_wconf 77' lang='lat' dir='ltr'>sedem</span> <span class='ocrx_word' id='word_1_175' title='bbox 382 2263 544 2316; x_wconf 83' lang='lat' dir='ltr'>amicissimo</span> <span class='ocrx_word' id='word_1_176' title='bbox 583 2261 689 2318; x_wconf 79' lang='lat' dir='ltr'>cuidam</span> <span class='ocrx_word' id='word_1_177' title='bbox 732 2283 833 2336; x_wconf 81' lang='lat' dir='ltr'>numque</span> <span class='ocrx_word' id='word_1_178' title='bbox 848 2267 930 2329; x_wconf 79' lang='lat' dir='ltr'>qtium.</span> <span class='ocrx_word' id='word_1_179' title='bbox 948 2265 1004 2318; x_wconf 89' lang='lat' dir='ltr'><strong>Cic.</strong></span> <span class='ocrx_word' id='word_1_180' title='bbox 1024 2266 1074 2336; x_wconf 87' lang='lat' dir='ltr'>Ep.</span> <span class='ocrx_word' id='word_1_181' title='bbox 1098 2267 1161 2318; x_wconf 82' lang='lat' dir='ltr'>Fam</span> <span class='ocrx_word' id='word_1_182' title='bbox 1178 2267 1250 2332; x_wconf 87' lang='lat' dir='ltr'>XII,</span> 
     </span>
     <span class='ocr_line' id='line_1_20' title="bbox 166 2343 1250 2422; baseline 0 -24"><span class='ocrx_word' id='word_1_183' title='bbox 166 2365 219 2398; x_wconf 76' lang='lat' dir='ltr'>nno</span> <span class='ocrx_word' id='word_1_184' title='bbox 233 2357 322 2397; x_wconf 80' lang='lat' dir='ltr'>servat</span> <span class='ocrx_word' id='word_1_185' title='bbox 337 2344 365 2394; x_wconf 93' lang='lat' dir='ltr'>in</span> <span class='ocrx_word' id='word_1_186' title='bbox 378 2355 501 2422; x_wconf 47' lang='lat' dir='ltr'>penore3</span> <span class='ocrx_word' id='word_1_187' title='bbox 512 2355 589 2412; x_wconf 80' lang='lat' dir='ltr'>parat</span> <span class='ocrx_word' id='word_1_188' title='bbox 601 2355 688 2395; x_wconf 85' lang='lat' dir='ltr'>eutem</span> <span class='ocrx_word' id='word_1_189' title='bbox 735 2362 747 2396; x_wconf 91' lang='lat'>1</span> <span class='ocrx_word' id='word_1_190' title='bbox 763 2361 769 2396; x_wconf 73' lang='grc' dir='ltr'><strong><em>ε</em></strong></span> <span class='ocrx_word' id='word_1_191' title='bbox 790 2370 801 2390; x_wconf 81' lang='grc' dir='ltr'>ι</span> <span class='ocrx_word' id='word_1_192' title='bbox 813 2345 850 2396; x_wconf 91' lang='lat' dir='ltr'>Ut</span> <span class='ocrx_word' id='word_1_193' title='bbox 863 2363 912 2416; x_wconf 82' lang='lat' dir='ltr'>ego</span> <span class='ocrx_word' id='word_1_194' title='bbox 922 2343 1029 2414; x_wconf 89' lang='lat' dir='ltr'>quidem</span> <span class='ocrx_word' id='word_1_195' title='bbox 1042 2358 1070 2398; x_wconf 89' lang='lat' dir='ltr'>et</span> <span class='ocrx_word' id='word_1_196' title='bbox 1082 2346 1143 2398; x_wconf 87' lang='lat' dir='ltr'>urbi</span> <span class='ocrx_word' id='word_1_197' title='bbox 1158 2359 1183 2399; x_wconf 91' lang='lat' dir='ltr'>et</span> <span class='ocrx_word' id='word_1_198' title='bbox 1193 2348 1250 2400; x_wconf 86' lang='lat' dir='ltr'>otio</span> 
     </span>
     <span class='ocr_line' id='line_1_21' title="bbox 165 2420 1248 2497; baseline 0.001 -19"><span class='ocrx_word' id='word_1_199' title='bbox 165 2427 218 2497; x_wconf 85' lang='lat' dir='ltr'>qni</span> <span class='ocrx_word' id='word_1_200' title='bbox 234 2425 318 2487; x_wconf 83' lang='lat' dir='ltr'>emit,</span> <span class='ocrx_word' id='word_1_201' title='bbox 336 2435 366 2475; x_wconf 89' lang='lat' dir='ltr'>nt</span> <span class='ocrx_word' id='word_1_202' title='bbox 388 2422 423 2475; x_wconf 81' lang='lat' dir='ltr'>ita</span> <span class='ocrx_word' id='word_1_203' title='bbox 440 2420 544 2488; x_wconf 85' lang='lat' dir='ltr'>dicam,</span> <span class='ocrx_word' id='word_1_204' title='bbox 565 2435 592 2474; x_wconf 91' lang='lat' dir='ltr'>et</span> <span class='ocrx_word' id='word_1_205' title='bbox 609 2423 690 2476; x_wconf 70' lang='lat' dir='ltr'>sumit</span> <span class='ocrx_word' id='word_1_206' title='bbox 731 2422 883 2476; x_wconf 82' lang='lat' dir='ltr'>diffiderem</span> <span class='ocrx_word' id='word_1_207' title='bbox 899 2425 1010 2476; x_wconf 78' lang='lat' dir='ltr'>urbano.</span> <span class='ocrx_word' id='word_1_208' title='bbox 1026 2449 1037 2470; x_wconf 77' lang='grc' dir='ltr'>ι</span> <span class='ocrx_word' id='word_1_209' title='bbox 1051 2457 1091 2468; x_wconf 92' lang='grc'>-</span> <span class='ocrx_word' id='word_1_210' title='bbox 1106 2426 1180 2477; x_wconf 83' lang='lat' dir='ltr'>Hanc</span> <span class='ocrx_word' id='word_1_211' title='bbox 1200 2429 1248 2480; x_wconf 82' lang='lat' dir='ltr'>cle-</span> 
     </span>
     <span class='ocr_line' id='line_1_22' title="bbox 167 2500 1247 2574; baseline 0.002 -16"><span class='ocrx_word' id='word_1_212' title='bbox 167 2504 297 2570; x_wconf 78' lang='lat' dir='ltr'>alinnde3</span> <span class='ocrx_word' id='word_1_213' title='bbox 321 2521 406 2574; x_wconf 90' lang='lat' dir='ltr'>qnnm</span> <span class='ocrx_word' id='word_1_214' title='bbox 428 2501 457 2554; x_wconf 90' lang='lat' dir='ltr'>in</span> <span class='ocrx_word' id='word_1_215' title='bbox 478 2500 637 2572; x_wconf 80' lang='lat' dir='ltr'>adoptione,</span> <span class='ocrx_word' id='word_1_216' title='bbox 655 2500 689 2555; x_wconf 91' lang='lat' dir='ltr'>de</span> <span class='ocrx_word' id='word_1_217' title='bbox 732 2517 831 2556; x_wconf 86' lang='lat' dir='ltr'>merrtem</span> <span class='ocrx_word' id='word_1_218' title='bbox 840 2505 1247 2560; x_wconf 77' lang='lat' dir='ltr'>niranrnrbanam.llanncomem</span> 
     </span>
     <span class='ocr_line' id='line_1_23' title="bbox 167 2579 1250 2658; baseline 0.002 -20"><span class='ocrx_word' id='word_1_219' title='bbox 167 2605 222 2658; x_wconf 80' lang='lat' dir='ltr'>qne</span> <span class='ocrx_word' id='word_1_220' title='bbox 244 2585 290 2637; x_wconf 90' lang='lat' dir='ltr'>hic</span> <span class='ocrx_word' id='word_1_221' title='bbox 316 2601 425 2646; x_wconf 84' lang='lat' dir='ltr'>sermo,</span> <span class='ocrx_word' id='word_1_222' title='bbox 445 2600 529 2652; x_wconf 67' lang='lat' dir='ltr'>genna</span> <span class='ocrx_word' id='word_1_223' title='bbox 553 2579 688 2652; x_wconf 77' lang='lat' dir='ltr'><strong>quoddam</strong></span> <span class='ocrx_word' id='word_1_224' title='bbox 732 2585 799 2654; x_wconf 81' lang='lat' dir='ltr'>elegi</span> <span class='ocrx_word' id='word_1_225' title='bbox 819 2584 915 2648; x_wconf 83' lang='lat' dir='ltr'>vitam,</span> <span class='ocrx_word' id='word_1_226' title='bbox 933 2585 1064 2638; x_wconf 79' lang='lat' dir='ltr'>urbanam</span> <span class='ocrx_word' id='word_1_227' title='bbox 1079 2599 1158 2658; x_wconf 83' lang='lat' dir='ltr'>atque</span> <span class='ocrx_word' id='word_1_228' title='bbox 1179 2599 1250 2640; x_wconf 78' lang='lat' dir='ltr'>tren·</span> 
     </span>
     <span class='ocr_line' id='line_1_24' title="bbox 169 2660 1251 2737; baseline 0.001 -19"><span class='ocrx_word' id='word_1_229' title='bbox 169 2664 320 2737; x_wconf 80' lang='lat' dir='ltr'>emptionis</span> <span class='ocrx_word' id='word_1_230' title='bbox 333 2660 518 2715; x_wconf 74' lang='lat' dir='ltr'>intercederet.</span> <span class='ocrx_word' id='word_1_231' title='bbox 732 2665 851 2735; x_wconf 80' lang='lat' dir='ltr'>quillam.</span> <span class='ocrx_word' id='word_1_232' title='bbox 867 2663 975 2716; x_wconf 82' lang='lat' dir='ltr'>Clemens</span> <span class='ocrx_word' id='word_1_233' title='bbox 984 2665 1056 2718; x_wconf 85' lang='lat' dir='ltr'>enim</span> <span class='ocrx_word' id='word_1_234' title='bbox 1065 2666 1110 2719; x_wconf 90' lang='lat' dir='ltr'>hio</span> <span class='ocrx_word' id='word_1_235' title='bbox 1123 2665 1194 2718; x_wconf 86' lang='lat' dir='ltr'>idem</span> <span class='ocrx_word' id='word_1_236' title='bbox 1210 2685 1251 2719; x_wconf 79' lang='lat' dir='ltr'>so·</span> 
     </span>
     <span class='ocr_line' id='line_1_25' title="bbox 212 2741 1250 2815; baseline 0.004 -18"><span class='ocrx_word' id='word_1_237' title='bbox 212 2745 262 2815; x_wconf 85' lang='lat'>39.</span> <span class='ocrx_word' id='word_1_238' title='bbox 287 2743 390 2794; x_wconf 80' lang='lat' dir='ltr'>Parare.</span> <span class='ocrx_word' id='word_1_239' title='bbox 405 2741 526 2813; x_wconf 81' lang='lat' dir='ltr'>Gnyetnn</span> <span class='ocrx_word' id='word_1_240' title='bbox 541 2743 570 2794; x_wconf 90' lang='lat' dir='ltr'>in</span> <span class='ocrx_word' id='word_1_241' title='bbox 582 2741 691 2796; x_wconf 78' lang='lat' dir='ltr'>scholiis</span> <span class='ocrx_word' id='word_1_242' title='bbox 732 2741 1250 2815; x_wconf 77' lang='lat' dir='ltr'>nntqnodplncidns,qnietus.SiePlant.</span> 
     </span>
     <span class='ocr_line' id='line_1_26' title="bbox 167 2818 1251 2888; baseline 0 -10"><span class='ocrx_word' id='word_1_243' title='bbox 167 2827 235 2878; x_wconf 73' lang='lat' dir='ltr'>Mne.</span> <span class='ocrx_word' id='word_1_244' title='bbox 249 2825 358 2885; x_wconf 81' lang='lat' dir='ltr'>Parere,</span> <span class='ocrx_word' id='word_1_245' title='bbox 371 2819 400 2874; x_wconf 91' lang='lat' dir='ltr'>id</span> <span class='ocrx_word' id='word_1_246' title='bbox 410 2835 449 2874; x_wconf 85' lang='lat' dir='ltr'>eet</span> <span class='ocrx_word' id='word_1_247' title='bbox 457 2822 548 2874; x_wconf 71' lang='lat' dir='ltr'>rixetur</span> <span class='ocrx_word' id='word_1_248' title='bbox 560 2818 689 2874; x_wconf 83' lang='lat' dir='ltr'>defendit.</span> <span class='ocrx_word' id='word_1_249' title='bbox 733 2825 816 2876; x_wconf 88' lang='lat' dir='ltr'>Stich.</span> <span class='ocrx_word' id='word_1_250' title='bbox 830 2823 882 2888; x_wconf 88' lang='lat' dir='ltr'>lv,</span> <span class='ocrx_word' id='word_1_251' title='bbox 896 2841 919 2878; x_wconf 87' lang='lat' dir='ltr'>t.</span> <span class='ocrx_word' id='word_1_252' title='bbox 929 2822 1067 2878; x_wconf 78' lang='lat' dir='ltr'>«Hodiene</span> <span class='ocrx_word' id='word_1_253' title='bbox 1076 2843 1251 2880; x_wconf 79' lang='lat' dir='ltr'>exoneramus</span> 
     </span>
     <span class='ocr_line' id='line_1_27' title="bbox 168 2900 1245 2974; baseline -0.004 -16"><span class='ocrx_word' id='word_1_254' title='bbox 168 2909 221 2958; x_wconf 82' lang='lat' dir='ltr'>Det</span> <span class='ocrx_word' id='word_1_255' title='bbox 237 2903 355 2956; x_wconf 83' lang='lat' dir='ltr'>Bothins</span> <span class='ocrx_word' id='word_1_256' title='bbox 369 2920 376 2953; x_wconf 92' lang='lat'><strong>:</strong></span> <span class='ocrx_word' id='word_1_257' title='bbox 390 2920 462 2974; x_wconf 80' lang='lat' dir='ltr'>qnam</span> <span class='ocrx_word' id='word_1_258' title='bbox 484 2905 549 2971; x_wconf 70' lang='lat' dir='ltr'>ipsus</span> <span class='ocrx_word' id='word_1_259' title='bbox 570 2900 633 2954; x_wconf 85' lang='lat' dir='ltr'>ribi!</span> <span class='ocrx_word' id='word_1_260' title='bbox 650 2902 690 2954; x_wconf 83' lang='lat' dir='ltr'>Ac</span> <span class='ocrx_word' id='word_1_261' title='bbox 732 2923 843 2968; x_wconf 80' lang='lat' dir='ltr'>navem,</span> <span class='ocrx_word' id='word_1_262' title='bbox 857 2903 946 2956; x_wconf 81' lang='lat' dir='ltr'>l&#39;reter.</span> <span class='ocrx_word' id='word_1_263' title='bbox 959 2903 1005 2957; x_wconf 77' lang='lat' dir='ltr'>Pi.</span> <span class='ocrx_word' id='word_1_264' title='bbox 1015 2905 1245 2960; x_wconf 77' lang='lat' dir='ltr'>Clementervolo..</span> 
     </span>
     <span class='ocr_line' id='line_1_28' title="bbox 169 2981 1249 3053; baseline 0 -15"><span class='ocrx_word' id='word_1_265' title='bbox 169 2987 228 3038; x_wconf 80' lang='lat' dir='ltr'>Non</span> <span class='ocrx_word' id='word_1_266' title='bbox 238 3003 316 3036; x_wconf 78' lang='lat' dir='ltr'>exme</span> <span class='ocrx_word' id='word_1_267' title='bbox 325 2995 410 3046; x_wconf 71' lang='lat' dir='ltr'>nanu,</span> <span class='ocrx_word' id='word_1_268' title='bbox 415 2983 509 3047; x_wconf 79' lang='lat' dir='ltr'>fratris</span> <span class='ocrx_word' id='word_1_269' title='bbox 518 2982 556 3034; x_wconf 75' lang='lat' dir='ltr'>liic</span> <span class='ocrx_word' id='word_1_270' title='bbox 566 2994 610 3034; x_wconf 85' lang='lat' dir='ltr'>est.</span> <span class='ocrx_word' id='word_1_271' title='bbox 618 2981 691 3034; x_wconf 82' lang='lat' dir='ltr'>Adeo</span> <span class='ocrx_word' id='word_1_272' title='bbox 732 2984 824 3036; x_wconf 80' lang='lat' dir='ltr'>Minus</span> <span class='ocrx_word' id='word_1_273' title='bbox 835 2996 924 3036; x_wconf 83' lang='lat' dir='ltr'>entem</span> <span class='ocrx_word' id='word_1_274' title='bbox 932 2986 1104 3053; x_wconf 79' lang='lat' dir='ltr'>probaremus</span> <span class='ocrx_word' id='word_1_275' title='bbox 1113 2987 1249 3039; x_wconf 74' lang='lat' dir='ltr'>Donatum</span> 
     </span>
     <span class='ocr_line' id='line_1_29' title="bbox 169 3060 1272 3138; baseline 0.005 -21"><span class='ocrx_word' id='word_1_276' title='bbox 169 3069 191 3116; x_wconf 83' lang='lat' dir='ltr'>r&#39;s</span> <span class='ocrx_word' id='word_1_277' title='bbox 207 3079 244 3117; x_wconf 76' lang='lat' dir='ltr'>est</span> <span class='ocrx_word' id='word_1_278' title='bbox 261 3063 395 3124; x_wconf 64' lang='lat' dir='ltr'>Dissimilis</span> <span class='ocrx_word' id='word_1_279' title='bbox 410 3061 508 3113; x_wconf 79' lang='lat' dir='ltr'>studio:</span> <span class='ocrx_word' id='word_1_280' title='bbox 522 3080 578 3112; x_wconf 84' lang='lat' dir='ltr'>nam</span> <span class='ocrx_word' id='word_1_281' title='bbox 591 3061 646 3113; x_wconf 75' lang='lat' dir='ltr'>inde</span> <span class='ocrx_word' id='word_1_282' title='bbox 660 3060 690 3112; x_wconf 81' lang='lat' dir='ltr'>ab</span> <span class='ocrx_word' id='word_1_283' title='bbox 733 3063 911 3135; x_wconf 80' lang='lat' dir='ltr'>explicantem</span> <span class='ocrx_word' id='word_1_284' title='bbox 922 3067 975 3115; x_wconf 79' lang='lat' dir='ltr'>nita</span> <span class='ocrx_word' id='word_1_285' title='bbox 989 3065 1104 3130; x_wconf 82' lang='lat' dir='ltr'>clemens,</span> <span class='ocrx_word' id='word_1_286' title='bbox 1120 3086 1180 3138; x_wconf 77' lang='lat' dir='ltr'>ane</span> <span class='ocrx_word' id='word_1_287' title='bbox 1195 3068 1250 3120; x_wconf 91' lang='lat' dir='ltr'>cle·</span> <span class='ocrx_word' id='word_1_288' title='bbox 1267 3111 1272 3122; x_wconf 78' lang='grc'><strong><em>,</em></strong></span> 
     </span>
     <span class='ocr_line' id='line_1_30' title="bbox 170 3143 1252 3210; baseline 0.001 -12"><span class='ocrx_word' id='word_1_289' title='bbox 170 3147 334 3198; x_wconf 69' lang='lat' dir='ltr'>odolescentia</span> <span class='ocrx_word' id='word_1_290' title='bbox 347 3143 422 3210; x_wconf 67' lang='lat' dir='ltr'>Ego,</span> <span class='ocrx_word' id='word_1_291' title='bbox 435 3154 485 3194; x_wconf 86' lang='lat' dir='ltr'>etc.</span> <span class='ocrx_word' id='word_1_292' title='bbox 734 3157 835 3196; x_wconf 86' lang='lat' dir='ltr'>mentes</span> <span class='ocrx_word' id='word_1_293' title='bbox 844 3143 961 3196; x_wconf 72' lang='lat' dir='ltr'>incit—</span> <span class='ocrx_word' id='word_1_294' title='bbox 973 3144 1066 3198; x_wconf 82' lang='lat' dir='ltr'>Otium.</span> <span class='ocrx_word' id='word_1_295' title='bbox 1077 3145 1196 3198; x_wconf 72' lang='lat' dir='ltr'>sabaudi</span> <span class='ocrx_word' id='word_1_296' title='bbox 1206 3148 1252 3200; x_wconf 86' lang='lat' dir='ltr'>hie</span> 
     </span>
     <span class='ocr_line' id='line_1_31' title="bbox 210 3221 954 3295; baseline -0.001 -18"><span class='ocrx_word' id='word_1_297' title='bbox 210 3234 256 3288; x_wconf 71' lang='lat'>4⁰·</span> <span class='ocrx_word' id='word_1_298' title='bbox 271 3225 362 3295; x_wconf 81' lang='lat' dir='ltr'>Atqui.</span> <span class='ocrx_word' id='word_1_299' title='bbox 383 3222 414 3272; x_wconf 87' lang='lat' dir='ltr'>L.</span> <span class='ocrx_word' id='word_1_300' title='bbox 441 3221 534 3274; x_wconf 86' lang='lat' dir='ltr'>Bemh.</span> <span class='ocrx_word' id='word_1_301' title='bbox 555 3234 634 3292; x_wconf 82' lang='lat' dir='ltr'>atque.</span> <span class='ocrx_word' id='word_1_302' title='bbox 652 3251 692 3263; x_wconf 92' lang='lat'>—</span> <span class='ocrx_word' id='word_1_303' title='bbox 734 3223 954 3276; x_wconf 81' lang='lat' dir='ltr'>etiamnrbannm.</span> 
     </span>
     <span class='ocr_line' id='line_1_32' title="bbox 168 3300 1251 3373; baseline 0 -15"><span class='ocrx_word' id='word_1_304' title='bbox 168 3309 220 3358; x_wconf 81' lang='lat' dir='ltr'>Hic</span> <span class='ocrx_word' id='word_1_305' title='bbox 232 3324 282 3358; x_wconf 76' lang='lat' dir='ltr'>non</span> <span class='ocrx_word' id='word_1_306' title='bbox 297 3315 374 3354; x_wconf 74' lang='lat' dir='ltr'>natm</span> <span class='ocrx_word' id='word_1_307' title='bbox 390 3313 435 3354; x_wconf 76' lang='lat' dir='ltr'>est.</span> <span class='ocrx_word' id='word_1_308' title='bbox 451 3302 483 3353; x_wconf 81' lang='lat' dir='ltr'>ln</span> <span class='ocrx_word' id='word_1_309' title='bbox 496 3300 554 3352; x_wconf 82' lang='lat' dir='ltr'>eliis</span> <span class='ocrx_word' id='word_1_310' title='bbox 567 3302 606 3353; x_wconf 84' lang='lat' dir='ltr'>ln&#39;e</span> <span class='ocrx_word' id='word_1_311' title='bbox 621 3313 691 3352; x_wconf 80' lang='lat' dir='ltr'>natus</span> <span class='ocrx_word' id='word_1_312' title='bbox 776 3304 821 3366; x_wconf 77' lang='lat'>43.</span> <span class='ocrx_word' id='word_1_313' title='bbox 835 3303 911 3372; x_wconf 81' lang='lat' dir='ltr'>Quod</span> <span class='ocrx_word' id='word_1_314' title='bbox 917 3305 1033 3371; x_wconf 74' lang='lat' dir='ltr'>fortun,</span> <span class='ocrx_word' id='word_1_315' title='bbox 1048 3317 1097 3358; x_wconf 86' lang='lat' dir='ltr'>etc.</span> <span class='ocrx_word' id='word_1_316' title='bbox 1110 3305 1201 3358; x_wconf 82' lang='lat' dir='ltr'>Guelf-</span> <span class='ocrx_word' id='word_1_317' title='bbox 1217 3326 1251 3373; x_wconf 77' lang='lat' dir='ltr'>n,</span> 
     </span>
     <span class='ocr_line' id='line_1_33' title="bbox 168 3380 1251 3457; baseline 0.005 -22"><span class='ocrx_word' id='word_1_318' title='bbox 168 3398 268 3439; x_wconf 73' lang='lat' dir='ltr'>maest.</span> <span class='ocrx_word' id='word_1_319' title='bbox 281 3383 423 3454; x_wconf 74' lang='lat' dir='ltr'>—Atqni</span> <span class='ocrx_word' id='word_1_320' title='bbox 434 3380 497 3433; x_wconf 71' lang='lat' dir='ltr'>Hoc</span> <span class='ocrx_word' id='word_1_321' title='bbox 507 3380 636 3450; x_wconf 83' lang='lat' dir='ltr'>particula</span> <span class='ocrx_word' id='word_1_322' title='bbox 646 3380 692 3433; x_wconf 80' lang='lat' dir='ltr'>olr-</span> <span class='ocrx_word' id='word_1_323' title='bbox 735 3401 782 3454; x_wconf 85' lang='lat' dir='ltr'>quo</span> <span class='ocrx_word' id='word_1_324' title='bbox 804 3416 829 3431; x_wconf 83' lang='lat'>.·</span> <span class='ocrx_word' id='word_1_325' title='bbox 844 3417 850 3429; x_wconf 83' lang='lat'><em>·</em></span> <span class='ocrx_word' id='word_1_326' title='bbox 865 3384 1028 3450; x_wconf 80' lang='lat' dir='ltr'>fortunatum.</span> <span class='ocrx_word' id='word_1_327' title='bbox 1044 3384 1165 3457; x_wconf 84' lang='lat' dir='ltr'>Gnyetus</span> <span class='ocrx_word' id='word_1_328' title='bbox 1185 3405 1251 3440; x_wconf 82' lang='lat' dir='ltr'>eon·</span> 
     </span>
     <span class='ocr_line' id='line_1_34' title="bbox 163 3460 1254 3539; baseline -0.002 -19"><span class='ocrx_word' id='word_1_329' title='bbox 163 3466 276 3539; x_wconf 76' lang='lat' dir='ltr'>jectioni</span> <span class='ocrx_word' id='word_1_330' title='bbox 291 3460 416 3516; x_wconf 78' lang='lat' dir='ltr'>inservit.</span> <span class='ocrx_word' id='word_1_331' title='bbox 428 3467 465 3514; x_wconf 86' lang='lat' dir='ltr'>Ex</span> <span class='ocrx_word' id='word_1_332' title='bbox 486 3478 530 3511; x_wconf 88' lang='lat' dir='ltr'>me</span> <span class='ocrx_word' id='word_1_333' title='bbox 545 3479 599 3512; x_wconf 91' lang='lat' dir='ltr'>non</span> <span class='ocrx_word' id='word_1_334' title='bbox 614 3472 692 3512; x_wconf 78' lang='lat' dir='ltr'>natus</span> <span class='ocrx_word' id='word_1_335' title='bbox 734 3462 798 3533; x_wconf 85' lang='lat' dir='ltr'>jecit</span> <span class='ocrx_word' id='word_1_336' title='bbox 809 3464 981 3529; x_wconf 83' lang='lat' dir='ltr'>infortunatum</span> <span class='ocrx_word' id='word_1_337' title='bbox 989 3484 999 3525; x_wconf 92' lang='lat'>,·</span> <span class='ocrx_word' id='word_1_338' title='bbox 1015 3464 1118 3536; x_wconf 86' lang='lat' dir='ltr'>inepte,</span> <span class='ocrx_word' id='word_1_339' title='bbox 1135 3478 1165 3517; x_wconf 88' lang='lat' dir='ltr'>nt</span> <span class='ocrx_word' id='word_1_340' title='bbox 1177 3480 1254 3538; x_wconf 83' lang='lat' dir='ltr'>putat</span> 
     </span>
     <span class='ocr_line' id='line_1_35' title="bbox 165 3539 1255 3616; baseline -0.002 -15"><span class='ocrx_word' id='word_1_341' title='bbox 165 3561 217 3612; x_wconf 75' lang='lat' dir='ltr'>eet,</span> <span class='ocrx_word' id='word_1_342' title='bbox 239 3564 296 3598; x_wconf 91' lang='lat' dir='ltr'>non</span> <span class='ocrx_word' id='word_1_343' title='bbox 317 3561 398 3596; x_wconf 82' lang='lat' dir='ltr'>mene</span> <span class='ocrx_word' id='word_1_344' title='bbox 419 3553 466 3594; x_wconf 79' lang='lat' dir='ltr'>eet.</span> <span class='ocrx_word' id='word_1_345' title='bbox 488 3539 571 3604; x_wconf 80' lang='lat' dir='ltr'>Queri</span> <span class='ocrx_word' id='word_1_346' title='bbox 590 3539 663 3594; x_wconf 82' lang='lat' dir='ltr'>dicet</span> <span class='ocrx_word' id='word_1_347' title='bbox 685 3557 692 3591; x_wconf 91' lang='lat'><strong>:</strong></span> <span class='ocrx_word' id='word_1_348' title='bbox 736 3542 796 3614; x_wconf 90' lang='lat' dir='ltr'>Bip.</span> <span class='ocrx_word' id='word_1_349' title='bbox 810 3541 970 3597; x_wconf 72' lang='lat' dir='ltr'>edit—Et</span> <span class='ocrx_word' id='word_1_350' title='bbox 980 3544 1046 3616; x_wconf 84' lang='lat' dir='ltr'>qnod</span> <span class='ocrx_word' id='word_1_351' title='bbox 1049 3553 1202 3612; x_wconf 77' lang='lat' dir='ltr'>firrtnnatnm</span> <span class='ocrx_word' id='word_1_352' title='bbox 1213 3551 1255 3599; x_wconf 80' lang='lat' dir='ltr'>isti</span> 
     </span>
     <span class='ocr_line' id='line_1_36' title="bbox 163 3619 1256 3697; baseline -0.001 -16"><span class='ocrx_word' id='word_1_353' title='bbox 163 3647 196 3680; x_wconf 81' lang='lat' dir='ltr'>ex</span> <span class='ocrx_word' id='word_1_354' title='bbox 210 3644 326 3680; x_wconf 85' lang='lat' dir='ltr'>menon</span> <span class='ocrx_word' id='word_1_355' title='bbox 342 3635 400 3682; x_wconf 83' lang='lat' dir='ltr'>est,</span> <span class='ocrx_word' id='word_1_356' title='bbox 414 3634 440 3674; x_wconf 85' lang='lat' dir='ltr'>et</span> <span class='ocrx_word' id='word_1_357' title='bbox 450 3619 614 3684; x_wconf 80' lang='lat' dir='ltr'>nicnfficior;</span> <span class='ocrx_word' id='word_1_358' title='bbox 626 3619 692 3691; x_wconf 89' lang='lat' dir='ltr'>qnid</span> <span class='ocrx_word' id='word_1_359' title='bbox 733 3634 832 3692; x_wconf 77' lang='lat' dir='ltr'>putarit,</span> <span class='ocrx_word' id='word_1_360' title='bbox 840 3643 936 3676; x_wconf 74' lang='lat' dir='ltr'>uxorem</span> <span class='ocrx_word' id='word_1_361' title='bbox 945 3639 1088 3697; x_wconf 84' lang='lat' dir='ltr'>nunq.‚etc.</span> <span class='ocrx_word' id='word_1_362' title='bbox 1097 3626 1131 3678; x_wconf 89' lang='lat' dir='ltr'>Et</span> <span class='ocrx_word' id='word_1_363' title='bbox 1139 3626 1178 3679; x_wconf 85' lang='lat' dir='ltr'>tui</span> <span class='ocrx_word' id='word_1_364' title='bbox 1189 3647 1256 3680; x_wconf 83' lang='lat' dir='ltr'>nem·</span> 
     </span>
     <span class='ocr_line' id='line_1_37' title="bbox 161 3699 1254 3779; baseline 0.002 -21"><span class='ocrx_word' id='word_1_365' title='bbox 161 3721 275 3779; x_wconf 75' lang='lat' dir='ltr'>paterer,</span> <span class='ocrx_word' id='word_1_366' title='bbox 286 3707 310 3758; x_wconf 78' lang='lat' dir='ltr'>ei</span> <span class='ocrx_word' id='word_1_367' title='bbox 317 3701 492 3775; x_wconf 74' lang='lat' dir='ltr'>genuissem?</span> <span class='ocrx_word' id='word_1_368' title='bbox 503 3699 695 3753; x_wconf 80' lang='lat' dir='ltr'>Donat-Sed</span> <span class='ocrx_word' id='word_1_369' title='bbox 736 3721 785 3773; x_wconf 87' lang='lat' dir='ltr'>per</span> <span class='ocrx_word' id='word_1_370' title='bbox 798 3703 905 3769; x_wconf 78' lang='lat' dir='ltr'>celebs,</span> <span class='ocrx_word' id='word_1_371' title='bbox 925 3702 998 3775; x_wconf 87' lang='lat' dir='ltr'>quod</span> <span class='ocrx_word' id='word_1_372' title='bbox 1018 3704 1127 3776; x_wconf 85' lang='lat' dir='ltr'>quidem</span> <span class='ocrx_word' id='word_1_373' title='bbox 1147 3706 1189 3760; x_wconf 85' lang='lat' dir='ltr'>isti</span> <span class='ocrx_word' id='word_1_374' title='bbox 1204 3708 1254 3760; x_wconf 92' lang='lat' dir='ltr'>ho-</span> 
     </span>
     <span class='ocr_line' id='line_1_38' title="bbox 159 3780 1254 3856; baseline 0.001 -17"><span class='ocrx_word' id='word_1_375' title='bbox 159 3812 189 3841; x_wconf 73' lang='lat' dir='ltr'><em>a</em></span> <span class='ocrx_word' id='word_1_376' title='bbox 198 3791 295 3856; x_wconf 77' lang='lat' dir='ltr'>fram.</span> <span class='ocrx_word' id='word_1_377' title='bbox 311 3785 340 3837; x_wconf 85' lang='lat' dir='ltr'>Is</span> <span class='ocrx_word' id='word_1_378' title='bbox 360 3781 439 3844; x_wconf 80' lang='lat' dir='ltr'>adeo,</span> <span class='ocrx_word' id='word_1_379' title='bbox 456 3793 505 3834; x_wconf 87' lang='lat' dir='ltr'>etc.</span> <span class='ocrx_word' id='word_1_380' title='bbox 524 3781 625 3852; x_wconf 74' lang='lat' dir='ltr'>Arguto</span> <span class='ocrx_word' id='word_1_381' title='bbox 636 3780 693 3834; x_wconf 74' lang='lat' dir='ltr'>heo</span> <span class='ocrx_word' id='word_1_382' title='bbox 736 3783 836 3845; x_wconf 84' lang='lat' dir='ltr'>minen,</span> <span class='ocrx_word' id='word_1_383' title='bbox 849 3785 895 3854; x_wconf 89' lang='lat' dir='ltr'>qui</span> <span class='ocrx_word' id='word_1_384' title='bbox 911 3783 1034 3837; x_wconf 81' lang='lat' dir='ltr'>habitant</span> <span class='ocrx_word' id='word_1_385' title='bbox 1047 3803 1152 3839; x_wconf 89' lang='lat' dir='ltr'>mecum</span> <span class='ocrx_word' id='word_1_386' title='bbox 1167 3788 1195 3839; x_wconf 90' lang='lat' dir='ltr'>in</span> <span class='ocrx_word' id='word_1_387' title='bbox 1208 3806 1254 3840; x_wconf 88' lang='lat' dir='ltr'>ur·</span> 
     </span>
     <span class='ocr_line' id='line_1_39' title="bbox 157 3862 1255 3942; baseline -0.002 -20"><span class='ocrx_word' id='word_1_388' title='bbox 157 3873 311 3942; x_wconf 68' lang='lat' dir='ltr'>finguntur,</span> <span class='ocrx_word' id='word_1_389' title='bbox 328 3881 396 3916; x_wconf 80' lang='lat' dir='ltr'>nam</span> <span class='ocrx_word' id='word_1_390' title='bbox 412 3862 691 3932; x_wconf 80' lang='lat' dir='ltr'>perconjunctionem</span> <span class='ocrx_word' id='word_1_391' title='bbox 736 3864 785 3928; x_wconf 87' lang='lat' dir='ltr'>be,</span> <span class='ocrx_word' id='word_1_392' title='bbox 811 3876 907 3935; x_wconf 78' lang='lat' dir='ltr'>putent</span> <span class='ocrx_word' id='word_1_393' title='bbox 926 3883 981 3918; x_wconf 78' lang='lat' dir='ltr'>esee</span> <span class='ocrx_word' id='word_1_394' title='bbox 1007 3865 1199 3921; x_wconf 77' lang='lat' dir='ltr'>felicissimum.</span> <span class='ocrx_word' id='word_1_395' title='bbox 1217 3893 1255 3902; x_wconf 90' lang='grc'><strong>-</strong></span> 
     </span>
     <span class='ocr_line' id='line_1_40' title="bbox 155 3941 1254 4020; baseline -0.004 -16"><span class='ocrx_word' id='word_1_396' title='bbox 155 3951 301 4004; x_wconf 70' lang='lat' dir='ltr'>transitum</span> <span class='ocrx_word' id='word_1_397' title='bbox 312 3944 382 3998; x_wconf 82' lang='lat' dir='ltr'>tacit</span> <span class='ocrx_word' id='word_1_398' title='bbox 399 3941 436 3994; x_wconf 85' lang='lat' dir='ltr'>ed</span> <span class='ocrx_word' id='word_1_399' title='bbox 458 3941 693 3993; x_wconf 72' lang='lat' dir='ltr'>narrationem-</span> <span class='ocrx_word' id='word_1_400' title='bbox 736 3943 774 3995; x_wconf 65' lang='lat' dir='ltr'>Fa</span> <span class='ocrx_word' id='word_1_401' title='bbox 784 3957 823 3996; x_wconf 88' lang='lat' dir='ltr'>est</span> <span class='ocrx_word' id='word_1_402' title='bbox 832 3957 918 3997; x_wconf 73' lang='lat' dir='ltr'>textus</span> <span class='ocrx_word' id='word_1_403' title='bbox 927 3944 1085 4015; x_wconf 76' lang='lat' dir='ltr'>ambiguitas</span> <span class='ocrx_word' id='word_1_404' title='bbox 1093 3965 1154 4017; x_wconf 74' lang='lat' dir='ltr'>que</span> <span class='ocrx_word' id='word_1_405' title='bbox 1164 3949 1254 4020; x_wconf 81' lang='lat' dir='ltr'>plnres</span> 
     </span>
     <span class='ocr_line' id='line_1_41' title="bbox 153 4021 1257 4096; baseline -0.005 -11"><span class='ocrx_word' id='word_1_406' title='bbox 153 4035 189 4096; x_wconf 81' lang='lat' dir='ltr'>lr,</span> <span class='ocrx_word' id='word_1_407' title='bbox 212 4034 326 4084; x_wconf 79' lang='lat' dir='ltr'>Demea</span> <span class='ocrx_word' id='word_1_408' title='bbox 354 4024 450 4075; x_wconf 76' lang='lat' dir='ltr'>trater.</span> <span class='ocrx_word' id='word_1_409' title='bbox 477 4051 518 4060; x_wconf 88' lang='lat'>—</span> <span class='ocrx_word' id='word_1_410' title='bbox 538 4021 623 4086; x_wconf 82' lang='lat' dir='ltr'>Adeo,</span> <span class='ocrx_word' id='word_1_411' title='bbox 648 4033 694 4073; x_wconf 79' lang='lat' dir='ltr'>aut</span> <span class='ocrx_word' id='word_1_412' title='bbox 737 4021 811 4076; x_wconf 84' lang='lat' dir='ltr'>adid</span> <span class='ocrx_word' id='word_1_413' title='bbox 824 4023 931 4095; x_wconf 85' lang='lat' dir='ltr'>impulit</span> <span class='ocrx_word' id='word_1_414' title='bbox 943 4038 974 4078; x_wconf 87' lang='lat' dir='ltr'>ut</span> <span class='ocrx_word' id='word_1_415' title='bbox 985 4023 1180 4095; x_wconf 79' lang='lat' dir='ltr'>intelligerent:</span> <span class='ocrx_word' id='word_1_416' title='bbox 1198 4027 1257 4079; x_wconf 77' lang='lat' dir='ltr'>«Et</span> 
     </span>
     <span class='ocr_line' id='line_1_42' title="bbox 148 4101 1256 4177; baseline -0.008 -11"><span class='ocrx_word' id='word_1_417' title='bbox 148 4111 272 4166; x_wconf 77' lang='lat' dir='ltr'>abundat</span> <span class='ocrx_word' id='word_1_418' title='bbox 281 4149 292 4174; x_wconf 86' lang='lat'><em>,</em></span> <span class='ocrx_word' id='word_1_419' title='bbox 312 4117 364 4158; x_wconf 75' lang='lat' dir='ltr'>aut</span> <span class='ocrx_word' id='word_1_420' title='bbox 382 4104 486 4154; x_wconf 73' lang='lat' dir='ltr'>nimrim</span> <span class='ocrx_word' id='word_1_421' title='bbox 503 4101 648 4170; x_wconf 57' lang='lat' dir='ltr'>significan</span> <span class='ocrx_word' id='word_1_422' title='bbox 663 4113 694 4152; x_wconf 89' lang='lat' dir='ltr'>ut</span> <span class='ocrx_word' id='word_1_423' title='bbox 741 4121 880 4173; x_wconf 80' lang='lat' dir='ltr'>nunqnam</span> <span class='ocrx_word' id='word_1_424' title='bbox 904 4103 968 4156; x_wconf 89' lang='lat' dir='ltr'>duxi</span> <span class='ocrx_word' id='word_1_425' title='bbox 983 4122 1112 4170; x_wconf 84' lang='lat' dir='ltr'>uxorem,</span> <span class='ocrx_word' id='word_1_426' title='bbox 1134 4107 1256 4177; x_wconf 71' lang='lat' dir='ltr'>quemvis</span> 
     </span>
     <span class='ocr_line' id='line_1_43' title="bbox 147 4175 1257 4256; baseline -0.011 -6"><span class='ocrx_word' id='word_1_427' title='bbox 147 4197 173 4252; x_wconf 87' lang='lat' dir='ltr'>in</span> <span class='ocrx_word' id='word_1_428' title='bbox 191 4188 343 4250; x_wconf 83' lang='lat' dir='ltr'>Eunuch,</span> <span class='ocrx_word' id='word_1_429' title='bbox 367 4189 436 4246; x_wconf 70' lang='lat'>²04·</span> <span class='ocrx_word' id='word_1_430' title='bbox 466 4208 476 4228; x_wconf 85' lang='grc' dir='ltr'>ι</span> <span class='ocrx_word' id='word_1_431' title='bbox 495 4179 695 4234; x_wconf 77' lang='lat' dir='ltr'>Adolescentem</span> <span class='ocrx_word' id='word_1_432' title='bbox 741 4175 851 4252; x_wconf 87' lang='lat' dir='ltr'>isti(per</span> <span class='ocrx_word' id='word_1_433' title='bbox 862 4197 1048 4256; x_wconf 85' lang='lat' dir='ltr'>contemptum</span> <span class='ocrx_word' id='word_1_434' title='bbox 1059 4183 1257 4256; x_wconf 77' lang='lat' dir='ltr'>quasitlicturnl</span> 
     </span>
    </p>
   </div>
   <div class='ocr_carea' id='block_1_4' title="bbox 0 0 1575 5178">
    <p class='ocr_par' dir='ltr' id='par_1_6' title="bbox 0 0 1575 5178">
     <span class='ocr_line' id='line_1_44' title="bbox 0 0 1575 5178; baseline 0 0"><span class='ocrx_word' id='word_1_435' title='bbox 0 0 1575 5178; x_wconf 95' lang='lat' dir='ltr'> </span> 
     </span>
    </p>
   </div>
  </div>
 </body>
</html>
