2946 5186
368 479 443 550 302
585 475 772 545 PUBLlI
799 477 1065 547 'l'ERENTll
1092 480 1216 549 AFRI

367 617 402 684 Si
424 628 462 682 tu
482 607 628 704 aliquem
651 619 782 704 portem
806 610 892 703 aequi
914 609 1059 703 bonique
1078 609 1213 694 dixeris,

370 725 420 792 Ut
436 732 487 788 est
507 715 562 786 ille
581 716 691 786 honus
711 717 774 802 vir,
795 717 860 784 tria
880 741 949 786 non
971 718 1217 788 commutabitis

370 825 486 896 Verba
502 823 602 894 hodie
620 825 707 892 inter
727 847 799 892 vos.
816 851 834 888 o
861 825 927 894 Dr.
949 824 1034 912 Quis
1049 839 1082 894 te
1101 826 1191 896 istaee
1202 825 1301 919 jussit
1313 823 1409 922 loqui?

371 939 438 1006 Cn.
462 935 572 1002 immo
591 955 660 999 non
682 931 792 1026 potuit
812 927 930 1000 melius
949 933 1155 1024 pervenirier

371 1045 423 1112 Eo
439 1065 507 1136 quo
522 1031 584 1108 nos
601 1035 769 1106 volumus.
789 1038 829 1107 A.
853 1036 988 1106 Occidi!
1013 1039 1080 1108 Cn.
1098 1041 1203 1133 Perge
1226 1037 1343 1134 eloqui.
1388 1059 1421 1104 uo

314 1159 317 1170 ’
373 1151 416 1220 G.
436 1149 466 1217 Α
484 1147 595 1242 primo
608 1145 711 1214 homo
729 1142 904 1212 insanibat.
921 1146 990 1214 Da.
1011 1143 1125 1230 Cedo,
1146 1145 1228 1241 quid
1242 1136 1396 1241 postulat?

372 1258 414 1326 G.
434 1242 551 1344 Quid?
569 1251 707 1322 nimium
730 1263 893 1344 quantuni
913 1248 1019 1320 libuit.
1035 1254 1102 1322 Cn.
1121 1254 1199 1323 Dic.
1220 1256 1264 1324 G.
1292 1255 1352 1324 «si
1364 1255 1425 1348 quis

534 1357 629 1428 daret

372 1466 820 1560 Talentummagnum.»Dn.
828 1466 936 1532 lmmo
947 1461 1073 1534 malum
1083 1463 1261 1536 herclezut
1269 1465 1315 1536 nil
1324 1460 1424 1562 pudet!

374 1577 418 1644 G.
442 1571 546 1664 Quod
564 1571 630 1640 dixi
652 1569 736 1640 adeo
751 1571 806 1640 ei:
829 1598 847 1634 u
864 1593 995 1664 queso,
1017 1571 1097 1666 quid
1118 1571 1145 1642 si
1165 1570 1267 1642 liliam

374 1685 477 1752 Suam
496 1679 628 1748 unicum
650 1671 799 1748 locaret?
819 1677 915 1770 parvi
933 1675 1047 1748 retulit
1396 1691 1428 1738 us

372 1790 453 1858 Non
473 1785 669 1880 suscepisse:
687 1785 825 1854 inventa
844 1797 916 1870 est,
937 1809 1012 1878 qure
1033 1785 1147 1856 dotem
1167 1799 1271 1881 petat.
1292 1815 1309 1850 s

373 1894 426 1964 Ad
442 1915 551 1990 pauca
569 1905 606 1961 ut
625 1889 776 1979 redeam,
790 1914 830 1960 ec
848 1891 978 1960 mittam
996 1890 1082 1962 illius
1100 1893 1262 1988 ineptias,

408 2033 470 2088 636.
487 2035 606 2101 Aliqum
616 2030 773 2100 panemlit
792 2029 887 2083 sinon
931 2029 1097 2102 rnependene
1118 2031 1258 2085 audientis
1282 2059 1315 2072 -
1336 2033 1433 2083 utnon

373 2125 475 2178 toturn,
489 2112 885 2180 voluntatemne-nixe-
931 2129 957 2178 q.
976 2110 1037 2164 Hoe
1060 2123 1205 2184 utrumqne
1225 2110 1353 2183 junctim,
1377 2111 1435 2162 item

372 2199 421 2256 ris,
435 2191 596 2266 promiseris.
931 2191 988 2244 cic.
997 2190 1055 2244 Pin.
1066 2191 1115 2254 IV,
1138 2191 1171 2245 25
1184 2211 1192 2245 ε
1206 2191 1299 2244 «Zmin
1311 2190 1375 2244 dieit
1391 2189 1434 2242 dil·

408 2275 470 2345 637.
493 2279 541 2339 Ut,
554 2270 626 2325 velet
638 2287 687 2340 pro
699 2283 778 2338 upote
792 2269 887 2336 qni-
932 2267 1001 2322 ferre
1018 2269 1087 2324 inter
1102 2269 1245 2324 honeetnnr
1266 2281 1292 2322 et
1310 2281 1386 2341 turpe
1401 2272 1434 2319 ei·

378 2357 438 2406 Tria
458 2372 507 2404 non
527 2353 674 2403 commend.
689 2351 763 2400 Veri.
776 2359 826 2402 etc.
844 2347 888 2402 Sic
930 2348 1005 2399 eriere
1019 2363 1149 2417 quatum,
1161 2350 1251 2402 nereio
1260 2349 1326 2421 qnid
1337 2349 1435 2402 immen-

374 2433 520 2495 dicehent,
548 2428 667 2502 jurgium
697 2425 887 2500 significantes.
931 2445 1025 2482 ωηι-
1046 2427 1117 2482 Male
1131 2427 1211 2500 igitur
1223 2429 1315 2482 Wert.
1332 2441 1391 2501 port
1404 2434 1435 2481 ai·

374 2511 486 2584 Proprie
498 2513 575 2562 verta
589 2521 739 2560 commutare
748 2517 801 2570 est,
814 2505 889 2580 qnod
931 2509 1006 2559 enimn
1019 2507 1148 2561 distinxit.
1159 2512 1251 2562 Perlet.

373 2593 491 2646 altercari
498 2589 720 2644 dieimne.Doeat.
968 2585 1029 2652 643.
1043 2591 1172 2640 Talentum
1188 2607 1314 2657 napum.
1325 2587 1396 2640 Vide
1407 2585 1436 2640 ed

410 2671 472 2726 638.
481 2676 554 2721 Irtoee
566 2671 640 2736 loqui.
650 2666 718 2718 Cnnr
728 2663 890 2719 Phormione
932 2666 1032 2720 enleern
1045 2667 1130 2720 nostri
1139 2667 1256 2720 hirrtiel.
1266 2679 1285 2720 t.
1297 2667 1357 2719 1.-
1365 2673 1436 2718 Im

373 2754 429 2807 illo.
450 2751 594 2805 Perennem
615 2745 716 2800 scilieet
740 2743 890 2799 ostenditur
932 2751 1025 2798 melum
1043 2750 1131 2799 terete.
1154 2747 1218 2800 Sub.
1232 2751 1326 2798 daret.-
1344 2746 1385 2799 illi
1401 2765 1437 2800 re

373 2825 659 2903 Demiph031edeimul
667 2825 803 2879 diffieilior
811 2825 890 2879 Chre·
932 2825 1002 2880 etius
1015 2837 1042 2879 et
1053 2825 1143 2899 potius
1156 2825 1250 2897 uliquis
1264 2828 1377 2892 malum,
1389 2825 1438 2879 ie.

374 2925 444 2968 mete
458 2911 557 2969 fratre,
567 2906 616 2978 qni
625 2924 653 2958 ee
666 2903 813 2958 faciliorem
822 2921 890 2977 pre·
932 2923 1036 2972 necem,
1049 2905 1091 2959 vel
1100 2905 1228 2978 gravioris
1236 2905 1337 2977 aliquid
1346 2905 1440 2960 innom-

374 2995 435 3046 bent
449 2987 550 3046 frondis
564 2983 695 3060 periculo.
710 2988 799 3038 Portet.
932 2984 1005 3039 modi
1022 2984 1126 3039 dederit
1141 3003 1222 3056 qnam
1235 2984 1376 3039 talentum.
1392 2992 1439 3036 sn.

408 3073 470 3141 639.
485 3070 592 3128 Melius,
605 3081 686 3137 quern
695 3064 734 3117 ite
743 3061 888 3136 loquendo.
931 3095 966 3106 -
982 3070 1013 3117 Ut
1032 3067 1071 3116 nil
1084 3067 1184 3134 perdet!
1201 3081 1282 3136 quem
1304 3063 1440 3136 impudens

407 3153 469 3214 640.
487 3155 565 3216 Perge
582 3148 672 3212 eloqui.
697 3143 762 3196 ttae
781 3143 810 3196 in
828 3142 888 3215 qni·
932 3144 991 3198 eet!

371 3228 450 3286 bned.
470 3225 549 3282 eodd.
568 3237 633 3279 terte
646 3225 712 3279 We.
725 3221 887 3296 Demiphoni
966 3227 1028 3288 644.
1040 3225 1114 3290 Quod
1120 3225 1177 3274 dixi
1187 3227 1251 3274 adeo
1265 3225 1299 3275 er'.
1311 3223 1373 3295 Ego
1384 3239 1441 3274 reu

338 3329 345 3356 ⁸
371 3311 533 3366 tribuuntur.
551 3339 585 3349 —
599 3310 635 3356 Eo
648 3308 811 3372 quererent.
825 3303 887 3356 seit.
930 3303 1001 3356 idem
1011 3303 1121 3356 omnino
1130 3301 1442 3375 illirerpondi,qnodtn

372 3403 403 3444 ut
427 3387 558 3441 Phanium
583 3381 731 3437 discederet
754 3381 790 3435 ah
815 3383 888 3434 Anti-
930 3401 1003 3436 nune
1017 3384 1112 3435 merito
1124 3381 1200 3436 dieis
1212 3411 1249 3422 -
1263 3384 1348 3450 Qm'd,
1364 3380 1442 3453 snppl-

371 3472 473 3542 phone‚
487 3479 513 3520 et
522 3468 717 3538 sejungeretur.
925 3466 1086 3532 postulasses.

407 3554 470 3612 641.
483 3555 507 3598 A
513 3549 604 3614 primo.
616 3544 681 3598 We.
692 3561 717 3614 p.
727 3559 785 3596 rar.
795 3550 830 3595 At
835 3547 886 3612 pn'·
965 3543 1026 3609 645.
1045 3547 1120 3594 Suam
1140 3545 1248 3592 unium.
1272 3540 1345 3594 Huic
1367 3539 1442 3593 verho

370 3649 420 3682 mo.
434 3658 471 3668 —
487 3629 560 3678 cedo.
571 3625 638 3678 We.
650 3641 676 3694 p.
686 3641 742 3675 ver.
756 3627 839 3674 eredo.
852 3653 886 3665 -
930 3621 1080 3694 oppositum
1094 3620 1222 3691 intellige,
1236 3619 1310 3691 qnod
1327 3620 1443 3693 seqnitur

370 3711 502 3776 Apn'mo,
522 3715 571 3757 etc.
591 3703 680 3773 Pergit
698 3701 767 3756 Geta
793 3702 886 3756 fictum
930 3705 1028 3754 inventa
1037 3715 1085 3762 err,
1101 3700 1158 3754 soil.
1169 3699 1263 3752 etiem.
1275 3729 1310 3739 -
1323 3706 1441 3760 aaut,

369 3806 448 3841 snum
467 3803 529 3838 cum
545 3782 708 3835 Phormione
724 3800 885 3835 sermonem.
929 3782 958 3834 in
971 3780 1171 3834 matrimonium
1185 3778 1444 3832 collocaret-rem·

368 3899 404 3910 —
416 3872 512 3930 Homo,
531 3861 668 3916 Phormio.
692 3893 727 3902 -
745 3865 884 3914 Iasonidae.
928 3865 1011 3913 retulit
1027 3881 1077 3913 non
1096 3863 1235 3928 surrepere.
1255 3859 1287 3911 ln
1301 3876 1392 3930 green
1408 3858 1443 3910 ie·

367 3946 398 4001 ld
408 3957 462 4008 eat,
474 3943 633 3996 immensum
645 3953 671 3994 et
687 3939 811 3994 insonum
824 3959 884 4014 pre·
927 3940 991 3995 bule
1014 3958 1093 3994 senex
1112 3938 1165 3994 hoc
1181 3939 1266 3992 dicit:
1290 3963 1304 3984 ι
1315 3938 1392 4003 Quid
1410 3937 1443 3989 in·

366 4028 435 4079 tium
448 4021 608 4097 postulabat.
842 4055 845 4062 ·
927 4031 1009 4074 terent
1022 4037 1146 4082 me‚non
1160 4018 1309 4091 suscepisse
1319 4015 1444 4084 titinm,si

401 4110 462 4172 642.
480 4104 567 4155 libuit.
582 4101 655 4153 Bent.
668 4119 700 4152 ex
715 4113 814 4153 reterr.
833 4121 882 4153 vo·
926 4099 1008 4153 modo
1021 4099 1070 4152 doe
1079 4098 1188 4152 debitur
1201 4097 1314 4151 elienor?
1325 4123 1339 4144 ι

365 4189 418 4237 lm't.
430 4217 465 4227 -
478 4187 564 4254 Quid?
575 4179 755 4250 interrogatio
763 4181 882 4236 animum
963 4184 1024 4251 647.
1040 4187 1076 4231 Ac
1087 4181 1190 4232 mium.
1203 4179 1245 4232 Al.
1258 4197 1291 4229 ae
1306 4179 1426 4230 onim.
