3064 5180
368 526 434 607 ¹²4
605 512 775 591 PUBLII
799 526 1189 596 TERENTII'AFRI

366 659 445 726 Sru.
456 655 501 724 Di
512 654 571 724 tibi
580 707 590 741 ,
599 656 743 740 Demea,
756 657 868 726 omnia
878 682 993 728 omnes
1004 682 1135 752 semper
1145 671 1260 752 optata
1274 657 1435 727 offerant.

241 825 244 832 .
363 764 447 832 M1c.
479 763 579 856 Syre,
612 764 802 855 processisti
831 761 930 832 hodie
952 761 1100 858 pulchre.
1133 765 1197 832 Dr..
1231 763 1264 831 Si
1295 763 1436 858 quidem

521 889 639 960 porro,
655 867 775 955 Micio,

364 975 414 1042 Tu
436 987 530 1042 tuum
548 970 696 1042 officium
716 973 830 1057 facies,
853 988 952 1068 atque
968 975 1046 1044 huic
1063 973 1188 1069 aliquid
1205 973 1341 1070 paulum
1364 999 1437 1068 prae

523 1101 624 1148 manu
1393 1101 1437 1155 ,ss

365 1183 522 1268 Dederis,
533 1183 622 1252 unde
633 1197 761 1271 utatur3
779 1184 896 1254 reddet
908 1185 967 1254 tibi
979 1187 1054 1255 cito.
1067 1187 1152 1256 Mic.
1165 1189 1254 1256 Istoc
1269 1185 1378 1255 vilius.

367 1289 436 1359 AEs.
449 1290 549 1384 Frugi
566 1290 670 1359 homo
689 1305 747 1364 est.
768 1293 848 1362 Sra.
861 1291 1012 1361 Reddam
1032 1290 1159 1377 hercle,
1175 1292 1218 1362 dc
1238 1292 1349 1361 modo.
1367 1291 1436 1360 AEs.

524 1398 614 1489 Age,
631 1409 735 1490 pater.
747 1399 833 1466 Mic.
850 1399 929 1467 Post
941 1396 1121 1468 consulam.

368 1502 432 1570 Du.
460 1502 578 1570 Faciet.
609 1503 690 1571 Suu.
716 1502 748 1570 Ο
775 1505 828 1571 vir
853 1518 1001 1598 optume.
1023 1504 1090 1575 AEs.
1111 1507 1140 1570 0
1159 1518 1253 1598 pater
1270 1504 1317 1571 mi
1337 1502 1437 1572 festi·

523 1607 654 1676 vissime
666 1602 674 1674 l

367 1713 453 1781 Mic.
465 1711 557 1799 Quid
567 1711 671 1782 istuc?
681 1737 755 1807 quae
767 1739 821 1784 res
830 1729 898 1786 tam
913 1729 1050 1811 reperite
1060 1739 1170 1784 mores
1182 1717 1325 1783 mutavit
1337 1711 1439 1782 tuos?

369 1817 469 1906 Quod
481 1816 686 1938 prolubium?
695 1844 768 1912 quae
776 1822 865 1890 istaec
878 1821 986 1890 subita
1003 1837 1052 1892 est
1068 1818 1298 1914 largitaleu.
1313 1822 1438 1890 Dicam

367 2029 416 2100 Ut
428 2027 462 2098 id
475 1923 700 2119 cstiiriderem,
715 2031 804 2124 quod
820 2047 852 2101 te
866 2033 921 2102 isti
934 2032 1066 2102 facilem
1077 2047 1112 2102 et
1124 2033 1280 2103 festivum
1292 1960 1438 2129 puteali,

369 2239 512 2292 estimatur
524 2239 648 2312 Phrygia.
662 2269 692 2278 -
701 2244 803 2308 Sumite,
812 2241 881 2294 aeci·
960 2242 1020 2309 988.
1036 2247 1058 2294 0
1064 2255 1140 2312 pater
1148 2243 1191 2294 mi.
1206 2239 1364 2296 Aliicolloe.
1376 2260 1391 2292 ο
1402 2245 1438 2292 nrt

371 2319 435 2392 pito.
446 2322 487 2373 De
496 2318 549 2373 hoe
563 2337 652 2382 vm,
661 2319 715 2374 vid.
729 2319 795 2392 quid
808 2319 880 2376 dixe·
920 2335 1004 2388 pater.
1022 2351 1058 2364 -
1068 2322 1159 2374 Faciet.
1178 2321 1257 2394 Syre,
1276 2339 1312 2374 ne
1328 2318 1439 2387 dubita,

371 2397 454 2451 rimus
467 2417 613 2470 cupreus.
627 2401 686 2466 961.
767 2415 773 2433 ²
924 2399 1004 2454 Micio
1023 2399 1103 2452 faciet
1122 2397 1196 2471 quod
1213 2398 1287 2471 petia.
1302 2429 1339 2440 -
1358 2404 1381 2451 0
1395 2403 1440 2451 vir

404 2477 466 2545 983.
480 2479 577 2544 mebi,
588 2484 689 2530 Demea.
706 2478 768 2532 Lib.
786 2478 873 2552 antiq.
923 2495 1027 2549 opurme,
1038 2499 1074 2532 sc.
1085 2478 1179 2540 Micio,
1192 2495 1270 2550 quem
1281 2495 1333 2530 una
1343 2495 1439 2532 omnes

371 2553 473 2610 addunt
499 2575 550 2608 om.
575 2557 714 2619 Delemus,
732 2575 765 2610 ex
784 2555 878 2611 Facta.
924 2557 1122 2632 aggrediuntur.

373 2645 433 2707 post
442 2635 584 2689 Perletum.
959 2639 1021 2707 989.
1037 2641 1105 2707 Quid
1111 2639 1192 2689 istem?
1206 2636 1287 2708 Supp.
1299 2655 1384 2710 mnus
1398 2647 1439 2690 est

405 2714 468 2780 984.
487 2716 628 2766 Processisc'
635 2718 747 2783 pulchre.
770 2714 833 2768 Scil.
849 2731 880 2768 ex
924 2715 1029 2788 agendi,
1040 2737 1094 2790 quo
1104 2729 1132 2769 tu
1142 2719 1317 2778 uuneuteria,
1327 2717 1439 2768 Demem

371 2810 445 2846 cervo
468 2811 548 2846 serva
577 2793 689 2856 marito,
710 2794 738 2845 iu
767 2792 881 2848 liberum
925 2827 959 2838 -
972 2800 1140 2862 Quoerestam
1154 2795 1438 2864 repeate,ete.Anim·

370 2871 460 2925 libera
473 2871 604 2926 maritum.
619 2873 811 2940 -Sr'quiatm,
826 2884 878 2925 ete.
925 2873 1115 2928 advertendum
1143 2893 1198 2929 ease
1224 2885 1315 2926 mouet
1343 2873 1436 2926 Dona·

373 2949 472 3023 Supple
486 2962 547 3003 ante
565 2950 638 3014 haec,
661 2975 672 2997 ι
685 2962 715 3003 ut
735 2949 814 3016 dieis,
833 2950 882 3024 Sy·
925 2967 975 3016 tue,
986 2972 1038 3026 qua
1052 2954 1193 3008 calliditate
1209 2952 1352 3006 Terentius
1368 2970 1441 3022 qum·

371 3047 417 3082 rua
439 3031 592 3100 precesserit
617 3029 745 3101 pulchre,
780 3031 802 3084 si
827 3048 883 3083 mo·
925 3051 985 3086 rem
998 3033 1078 3086 linem
1092 3034 1201 3094 fabular,
1222 3031 1355 3106 complere
1374 3030 1440 3084 leti-

372 3106 408 3162 do
417 3119 445 3160 tu
459 3108 558 3180 aliquid
568 3107 680 3172 dederis,
694 3121 756 3162 ete.»
925 3111 987 3166 tiam
1007 3131 1055 3184 per
1076 3114 1164 3186 ipsum
1187 3113 1313 3164 Demeam
1334 3109 1440 3163 nitatur

409 3189 469 3254 98⁵.
484 3194 598 3241 Paulum.
616 3189 683 3252 Alii,
689 3189 827 3258 paululum.
845 3219 882 3230 -
926 3191 954 3242 in
964 3191 1115 3256 universos,
1132 3189 1221 3264 quiin
1236 3200 1291 3242 tota
1306 3187 1441 3241 comedia

375 3272 481 3318 Tuticum
488 3269 627 3338 «Μαῖα.
638 3267 696 3320 Hoc
704 3281 752 3330 eat,
760 3265 880 3320 officium
926 3270 1045 3324 tristitae
1055 3290 1140 3326 sarua
1152 3269 1345 3334 interturbavit,
1354 3280 1382 3321 et
1394 3287 1442 3322 vo-

371 3347 494 3418 petroni,
512 3359 541 3400 ut
554 3347 679 3401 libertum
693 3365 746 3399 nou
756 3345 878 3411 dmeraa,
925 3349 1049 3403 eileratus
1060 3359 1106 3402 est.

370 3422 879 3489 adalramanumisaum.-Proemanu,
928 3443 932 3449 ¹
960 3439 1018 3489 99⁰·
1037 3423 1110 3486 Quod
1114 3421 1259 3488 proludium.
1277 3417 1337 3470 Lib.
1353 3417 1442 3488 antiq.

371 3503 448 3574 quasi
457 3502 567 3568 diceret,
574 3505 663 3558 statim
674 3516 699 3557 et
707 3503 878 3575 hominiipsi.
924 3520 948 3568 q.
956 3501 1213 3568 proluvium—Quod
1214 3500 1355 3566 prolubium
1360 3506 1375 3548 ,³
1384 3497 1443 3561 Qui

408 3584 468 3650 986.
494 3585 579 3637 νίἱίιι.
596 3583 627 3638 C.
642 3581 676 3637 G.
691 3601 727 3636 m.
746 3587 829 3636 levius.
844 3613 880 3626 --
924 3577 1027 3631 animm
1045 3587 1184 3649 promptus
1202 3574 1235 3627 ad
1247 3573 1443 3646 largiendum?

375 3666 444 3714 Unde
452 3670 541 3727 eatur,
553 3681 630 3736 supp.
642 3662 676 3716 ad
686 3660 882 3717 vivendum-
925 3689 960 3699 -
970 3659 1091 3727 Largius.
1112 3654 1235 3709 Dacieria
1254 3653 1367 3708 adnotat
1384 3671 1443 3706 uon

373 3744 435 3792 Isaac
449 3743 532 3793 vitius.
551 3743 608 3795 Isto
629 3740 715 3796 flocco
734 3741 812 3794 vilius
832 3738 882 3794 erit
924 3735 997 3791 idem
1006 3753 1102 3790 sonare
1115 3737 1217 3802 largitas
1227 3746 1253 3787 et
1265 3734 1363 3802 largitio
1375 3753 1387 3793 ‚·
1400 3733 1444 3784 in-

372 3817 445 3890 quod
461 3818 562 3873 reddet.
577 3821 687 3893 Negatio
707 3831 747 3873 est
764 3817 877 3874 floccum
925 3814 1009 3870 dicari
1028 3822 1063 3887 τῷ
1085 3816 1213 3884 largitione
1226 3823 1313 3865 actum
1331 3809 1443 3872 damin

371 3897 551 3963 ostendentia,
569 3911 614 3952 aut
635 3897 702 3972 quid
723 3898 796 3960 tale,
819 3916 882 3952 cum
925 3897 1040 3964 largitate
1061 3905 1174 3955 autem,·
1183 3889 1390 3964 propensionem
1403 3885 1442 3942 ad

373 3977 479 4044 Ιλλιίψιι.
926 3972 1056 4027 dandum.

408 4057 467 4127 987.
476 4063 540 4120 vose,
553 4057 605 4110 alio
618 4067 742 4128 tempore.
756 4056 880 4110 Formula
959 4072 1019 4123 99¹·
1036 4055 1139 4121 Qreodoe
1148 4052 1188 4103 isti
1189 4050 1265 4118 saell.
1276 4048 1325 4101 Ma.
1347 4046 1441 4100 Parin.

372 4147 412 4189 eet
421 4135 518 4190 blande
532 4137 659 4208 negantis
925 4137 993 4202 quod
1001 4147 1052 4184 cam
1062 4145 1085 4184 re
1093 4125 1198 4198 irrisae}
1207 4159 1242 4171 -
1252 4132 1284 4179 Ue
1293 4130 1322 4182 id
1328 4129 1443 4180 ostende-
