3026 5184
409 544 479 638 ¹74
622 539 810 608 runnu
838 539 1249 609 reuersurum

401 673 488 741 Nam
503 669 604 740 modo
613 670 703 740 intro
714 684 753 738 ut
760 693 813 738 me
827 669 973 764 corripui
990 669 1141 756 timidus,
1155 669 1220 739 alio
1238 667 1409 764 suspicans
1431 689 1466 730 ³⁶⁵

400 777 523 848 Morbo
542 801 595 846 me
613 777 762 845 visurum
781 774 945 846 adfectam
967 799 1007 848 ac
1031 777 1118 846 sensi
1138 801 1276 846 uxorem
1294 801 1368 846 esse
1388 804 1397 844 ε
1418 777 1466 846 hei

560 877 669 964 mihi!
803 895 806 906 '

400 996 580 1086 Postquam
603 1013 657 1056 me
678 989 858 1085 adspexere
882 987 1009 1060 ancillae
1036 988 1229 1078 advenisse,
1247 988 1336 1060 illico
1358 1015 1467 1062 omnes

497 1159 500 1168 .
559 1094 656 1165 simul

402 1209 502 1280 Laetae
512 1202 714 1273 exclamant:
727 1203 896 1287 «Venitm
908 1201 942 1271 id
951 1201 1042 1296 quod
1053 1202 1232 1297 derepente
1243 1202 1466 1297 adspexerant.

401 1309 467 1381 Sed
485 1311 644 1381 continuo
660 1306 788 1376 voltum
805 1333 919 1377 earum
934 1311 1020 1379 sensi
1037 1309 1205 1378 immutari
1220 1312 1389 1396 omnium,

401 1412 1290 1507 Quintamincommodeillisforsobtuleratadventurn
1301 1439 1466 1494 meumst„

401 1527 479 1593 Una
497 1522 626 1592 illarum
640 1523 765 1591 interea
783 1545 926 1615 propere
943 1523 1134 1617 praecurrit,
1151 1523 1309 1592 nuntians

402 1633 460 1699 Me
475 1632 621 1715 venisse;
638 1651 700 1723 ego
714 1627 785 1722 ejus
802 1626 938 1697 videndi
953 1626 1092 1722 cupidus
1105 1642 1196 1697 recta
1211 1653 1408 1722 consequor.

402 1740 580 1832 Postquam
605 1736 693 1803 intro
716 1734 853 1818 adveni,
876 1733 1043 1831 extemplo
1061 1737 1131 1830 ejus
1151 1734 1308 1804 morbum
1329 1738 1465 1831 cognovi

561 1843 670 1910 miser.

401 1949 489 2018 Nam
502 1973 625 2042 neque,
638 1961 677 2016 ut
686 1945 785 2016 celari
794 1963 921 2041 posset,
938 1950 1221 2044 tempusspatium
1229 1946 1338 2016 ullum
1354 1948 1465 2036 dabat,

401 2056 519 2151 Neque
532 2079 616 2125 voce
629 2054 710 2140 alia,
724 2078 764 2123 ac
773 2079 826 2124 res
837 2055 1010 2140 monebat,
1021 2057 1092 2151 ipsa
1104 2068 1236 2150 poterat
1248 2057 1418 2149 conqueri.
1432 2073 1464 2129 ³⁷⁵

401 2167 579 2258 Postquam
592 2161 743 2257 adspexi,
759 2188 807 2231 «o
818 2162 946 2234 facinus
960 2158 1148 2256 indignum!
1161 2191 1178 2230 s
1190 2164 1346 2257 inquam,
1357 2176 1391 2231 et
1398 2187 1465 2232 cor·

562 2270 649 2364 ripui
666 2267 753 2337 illico
1064 2337 1066 2342 ,

402 2379 460 2446 Me
480 2375 557 2445 inde
577 2375 782 2464 lacrumans,
801 2375 984 2446 incredibili
1001 2403 1038 2447 re
1055 2390 1155 2470 atque
1173 2377 1278 2445 atroci
1300 2377 1450 2470 percitus.

370 2620 373 2626 '
438 2615 578 2669 asarum
592 2630 674 2669 cerne.
688 2615 731 2670 Sic
742 2617 819 2669 Bcut.
831 2616 911 2671 codd.
992 2616 1052 2690 ³7²·
1066 2623 1129 2688 Ego.
1140 2618 1235 2672 Perlet.
1248 2618 1323 2672 solus
1339 2639 1412 2688 ergo,
1426 2638 1465 2672 ue·

401 2696 434 2749 lu
443 2695 492 2748 lib.
506 2696 589 2768 antiq.
601 2695 662 2748 coll.
673 2700 911 2750 meremus-n·-
954 2701 1053 2750 scimus
1062 2715 1095 2752 au
1104 2699 1236 2750 consulto.
1244 2703 1305 2762 Ejus
1313 2701 1464 2752 uidendilic.

400 2791 450 2839 ero,
464 2775 491 2828 in
504 2774 615 2828 domum
627 2775 727 2829 uxoris.
741 2807 777 2818 -
790 2782 831 2838 Ut,
843 2788 912 2848 post·
955 2777 1465 2842 Philumene.Noteturhicvidendr'‚nou

402 2873 493 2928 quam.
513 2885 548 2896 -
564 2860 606 2907 Me
618 2857 737 2924 compsi,
758 2856 856 2926 raptim
872 2857 913 2908 in·
956 2857 1126 2929 participium
1137 2856 1265 2922 esse,sed
1275 2856 1465 2930 gerundiumiu

401 2953 506 3006 gressus
519 2953 587 2987 sum.
598 2935 640 2987 cf.
659 2953 731 3005 supr.
750 2934 813 2998 345.
823 2964 858 2976 -·-
872 2938 913 2986 Ti·
957 2941 1000 2999 δὴ·
1017 2938 1119 3009 quippe
1131 2937 1204 3010 quod
1218 2938 1301 2990 etiam
1317 2939 1410 2992 Cicero
1422 2938 1466 2989 fre·

400 3015 497 3077 miclau,
513 3015 608 3087 plenus
622 3015 736 3068 timoris.
956 3028 1069 3088 quenter
1089 3017 1177 3088 jungit
1195 3035 1256 3068 cum
1277 3018 1396 3088 genitivo
1415 3017 1465 3089 ipso

436 3093 498 3168 366..
507 3097 592 3145 Morbo
602 3115 640 3146 ms
648 3098 770 3160 visuram,
780 3105 828 3147 etc.
837 3093 913 3147 Ordo
956 3096 1064 3168 plurali,
1073 3110 1104 3149 ut
1116 3099 1217 3165 legendi
1228 3099 1354 3148 libr-orum.
1365 3099 1417 3150 Nec
1425 3097 1466 3148 mi·

400 3183 454 3224 est:
466 3174 620 3244 ususpicans
628 3175 913 3226 mevisurumuxorem
957 3193 1009 3229 nus
1020 3174 1152 3246 genitivus
1163 3176 1258 3247 singul.
1268 3195 1377 3230 numer.
1389 3178 1414 3230 iu
1423 3196 1465 3231 usu

399 3251 524 3304 allectam
536 3252 591 3304 alio
602 3253 697 3305 morbo
716 3269 748 3305 ac
764 3253 833 3305 sensi
856 3270 913 3304 eam
958 3265 1007 3307 est.
1016 3259 1211 3318 Pera-Recto,
1226 3273 1281 3308 nou
1292 3255 1404 3310 additor
1417 3263 1464 3310 aia.

399 3330 523 3383 allectam
538 3349 619 3385 essa·
629 3331 718 3384 nuum
733 3333 833 3386 scilicet
846 3348 914 3384 mor
995 3333 1057 3404 373.
1069 3337 1172 3387 Adveni.
1182 3335 1245 3387 Bru.
1257 3335 1320 3388 cod.
1336 3340 1425 3390 incoli.
1435 3367 1465 3378 --

399 3411 463 3463 butu
482 3411 665 3482 suspicabatur
689 3429 772 3482 quam
797 3423 914 3482 partum.
958 3417 1043 3480 Intro,
1068 3413 1097 3465 in
1120 3414 1282 3467 cubiculum.
1302 3445 1340 3456 -
1360 3420 1464 3486 cognovi.

399 3519 436 3530 -
444 3493 491 3542 Her·
500 3492 559 3542 mili
567 3499 577 3542 1
586 3491 741 3562 Interjectio
753 3488 868 3544 dolentis
877 3501 915 3543 est
958 3493 1064 3547 Scilicet
1076 3511 1108 3546 ex
1126 3493 1317 3548 instantissimo
1329 3509 1419 3566 partu,
1430 3513 1463 3550 n.

398 3568 433 3621 de
447 3587 476 3623 re
491 3571 637 3641 inopinata.
934 3585 936 3594 ’
957 3571 1018 3641 374,
1028 3583 1052 3624 et
1062 3591 1094 3624 ex
1106 3573 1245 3644 gemitibus
1253 3592 1324 3645 quoa
1332 3593 1387 3628 uon
1397 3588 1464 3649 pote·

437 3648 497 3700 368.
510 3655 656 3716 Derepente.
668 3647 716 3700 Fa.
726 3647 768 3701 ed.
778 3667 816 3701 me
827 3669 914 3717 rep.-
957 3662 999 3703 rat
1012 3640 1067 3702 nori
1077 3649 1167 3713 edere,
1182 3671 1221 3706 vs.
1233 3652 1295 3724 375.

399 3730 433 3776 Id
443 3730 513 3794 quud
521 3731 607 3794 derep.
618 3732 689 3795 adsp.
698 3727 785 3781 Causa
795 3729 913 3782 curlactae
993 3728 1055 3801 374,
1073 3736 1104 3781 Ut
1116 3734 1194 3782 celari
1207 3747 1301 3798 possse.
1323 3731 1393 3786 Add.
1415 3735 1464 3804 eju!

398 3805 616 3859 exclamaverint.
646 3811 678 3857 Id
705 3825 782 3880 ergo,
814 3808 849 3860 ob
874 3806 911 3862 id.
955 3809 1147 3880 partitudo-
1160 3813 1282 3880 Spatium,
1297 3831 1412 3866 moram.

397 3887 491 3937 Donat.
992 3890 1053 3958 375.
1072 3895 1158 3958 Neque
1175 3911 1239 3943 saoce
1262 3896 1335 3954 alin,
1353 3891 1464 3944 etel'ux

435 3961 496 4031 369.
512 3966 594 4026 Sensi,
603 3963 787 4018 animadverti.
955 3985 1052 4040 nempe
1060 3968 1231 4041 parturientis
1245 3971 1337 4042 prodit
1351 3971 1450 4024 virium.

434 4041 496 4111 370.
509 4045 681 4100 Incommode,
692 4043 884 4116 intempestive.
992 4048 1052 4117 376.
1067 4054 1090 4099 0
1099 4051 1200 4116 facinus
1212 4054 1357 4118 indagarem.
1370 4051 1426 4104 Hoc
1435 4046 1465 4101 nd

435 4119 497 4190 371.
519 4125 575 4172 Una
589 4123 697 4173 illarum.
709 4121 769 4175 Lib.
784 4134 838 4175 ant.
851 4121 912 4176 add.
956 4127 1275 4198 semetipsumrelert,vel
1288 4129 1325 4183 sd
1337 4143 1463 4184 auctorem

390 4199 469 4264 Jbrte.
481 4203 658 4266 -Nuaeions,
672 4219 709 4256 sc.
722 4202 895 4256 Philumenae.
958 4205 1027 4270 vitii,
1041 4225 1096 4260 noa
1109 4205 1144 4262 ad
1155 4209 1351 4264 Philumenam.
