3064 5180
300 502 521 592 sneertr.
544 473 655 580 icc
683 513 727 598 v,
750 509 819 582 so.
846 509 908 579 tx.
1067 509 1134 581 125

96 649 127 717 ld
142 667 200 714 non
218 643 286 712 lieri
298 648 342 713 ex
352 667 432 713 vera
443 644 532 730 vita,
551 666 658 737 neque
669 625 752 712 eden
766 667 808 711 ex
818 648 912 737 ae'quo
926 623 960 711 et
973 625 1083 732 11)οηο;

97 752 145 822 Sed
156 776 191 820 ex
200 749 400 820 assentando
413 763 512 843 etque
530 747 731 843 indulgendo
749 762 783 817 ct
800 747 990 842 largiendo,
1008 752 1117 820 Micio.

97 861 173 928 llunc
185 855 263 924 adeo
275 855 303 924 si
319 855 365 924 ob
384 879 457 925 eam
476 849 546 922 rem¹
562 853 821 923 vobisrnenvita
835 855 954 943 invisa,
967 843 1138 941 AEschine‚
1240 913 1243 916 .
1276 841 1287 861 ⁸

227 975 297 1049 est,
1053 1033 1058 1045 ,
1138 1029 1141 1038 ,

97 1069 165 1157 Qsie
175 1093 239 1136 non
249 1068 343 1159 justa
355 1065 477 1160 injusta
487 1091 622 1161 prorsus
633 1067 744 1136 omnia
755 1067 892 1136 omnino
903 1064 1080 1160 obsequor3
1097 1073 1137 1124 ⁹⁹⁵

97 1175 175 1244 llina
186 1172 268 1242 secio
281 1197 289 1240 :
302 1172 481 1261 effundite,
496 1173 611 1260 emite,
630 1171 729 1242 facite
740 1171 830 1269 quod
846 1171 941 1242 vobis
955 1170 1056 1242 lubet.

98 1279 147 1348 sed
158 1279 182 1348 si
194 1278 227 1346 id
240 1277 344 1348 vultis
355 1279 485 1373 potius,
499 1303 572 1372 quae
591 1303 650 1348 vos
665 1293 803 1373 propter
815 1274 1071 1370 adolescentiam
1124 1311 1128 1318 ·

98 1387 187 1454 llinus
200 1384 340 1470 videtis,
358 1385 622 1479 magisimpense
636 1385 772 1480 cupitis,
784 1383 953 1455 consulitis
964 1407 1104 1479 parum,

98 1494 159 1560 llec
185 1490 430 1586 reprehendere
463 1504 497 1558 et
518 1491 683 1586 corrigere
705 1515 823 1585 quem,
849 1489 1074 1559 obsecundare
1106 1491 1141 1558 in

230 1595 323 1679 loc03
404 1657 412 1662 .
490 1683 493 1688 Ι

97 1705 165 1772 Ecce
181 1728 233 1772 me
255 1704 316 1797 qui
334 1702 370 1771 id
391 1702 511 1772 faciam
531 1702 636 1772 vohis.
658 1702 726 1771 AEs.
753 1701 845 1790 Tibi,
872 1716 986 1797 pater,
1008 1702 1143 1796 permit·
1244 1743 1248 1746 -

231 1823 346 1878 umus.

98 1913 157 1984 Plus
175 1915 255 1998 scis,
277 1913 362 2008 quid
380 1938 464 2008 opus
492 1913 591 1985 facto
604 1928 655 1984 est
669 1873 681 1982 τ’
700 1913 758 1984 sed
778 1912 819 1982 de
842 1909 943 1982 fratre
961 1912 1040 2006 quid
1059 1847 1144 1982 fig}
1223 2001 1227 2008 ι

232 2022 300 2090 De,
316 2021 411 2089 Sino.

97 2282 141 2316 ren.
148 2262 240 2336 Supple
249 2263 332 2316 initio
341 2263 461 2331 loecfeei.
470 2268 589 2330 -ρηοιί,
634 2268 747 2317 rectem
753 2264 866 2335 opposes
877 2260 910 2314 de
923 2281 966 2316 ces
974 2260 1043 2315 deux
1053 2263 1146 2325 freres,

97 2354 181 2414 popter
192 2340 391 2414 quod-Isti,
409 2341 458 2394 lilii
465 2343 549 2396 nostri
560 2361 591 2397 ec
603 2397 606 2402 ,
634 2355 661 2396 et
670 2344 708 2397 les
718 2341 968 2414 inconvenientsqui
977 2360 1010 2394 en
1020 2341 1148 2401 ert-irent,

98 2422 157 2474 serii.
634 2435 770 2478 montrent
783 2423 964 2494 perleiternent
976 2441 1026 2476 eux
1038 2427 1113 2494 peres
1121 2421 1147 2474 le

122 2519 173 2570 99²·
181 2501 297 2553 Revera
305 2503 371 2554 nita.
384 2502 424 2554 Ex
433 2519 495 2556 vere
504 2500 591 2554 etlou-
634 2501 724 2556 milieu
737 2501 816 2574 qu'ils
827 2501 934 2554 doivent
945 2500 1014 2555 tenir
1027 2518 1096 2572 pour
1104 2499 1150 2551 l'd·

98 2578 159 2630 debili
170 2578 292 2632 facilitate
308 2592 487 2634 naturatum.
508 2578 589 2633 Conl.
635 2579 759 2636 ducetion
771 2580 805 2634 de
818 2579 888 2632 leurs
901 2580 1020 2644 enlsnts,
1034 2591 1107 2631 entre
1121 2577 1147 2631 le

97 2655 173 2709 llesut.
189 2658 254 2720 1⁵3.
266 2669 328 2710 not.
635 2671 695 2730 trop
709 2657 811 2731 grande
829 2659 940 2712 sever-ite
954 2656 987 2710 de
1001 2657 1057 2710 l'nn
1075 2668 1101 2709 et
1121 2657 1147 2709 la

122 2736 400 2804 polleassenrmdo.
408 2735 460 2788 Alii
468 2736 592 2790 omittunt
635 2735 1148 2810 tropgrsndedoucenrdel'eutre.C'est

97 2833 127 2864 er.
136 2844 166 2856 -
183 2821 213 2866 Et
225 2817 378 2884 largiendo,
394 2816 477 2866 Micio.
496 2813 592 2867 Severe
635 2817 662 2869 le
669 2817 736 2888 perti
748 2835 800 2888 que
814 2815 898 2886 prend
911 2815 982 2868 enlin
996 2816 1103 2879 Demea,
1114 2827 1148 2866 etr

97 2891 195 2946 additum
209 2908 249 2948 est
264 2911 370 2946 nomen
387 2893 474 2947 verbis
491 2904 518 2944 et
537 2893 592 2946 lere
635 2906 749 2966 prenent
774 2894 837 2948 chez
857 2895 895 2947 lui
913 2904 981 2947 cette
1004 2891 1149 2946 ehenteuse

95 2972 136 3039 lm
150 2972 328 3025 stomachose.
637 2973 702 3028 dont
718 2992 767 3026 son
785 2973 825 3024 lile
845 2971 908 3024 erait
926 2989 1103 3024 emoureux.·
1114 3002 1148 3011 —
1254 2965 1262 2975 “

122 3057 174 3116 994.
188 3055 269 3103 Vobis.
292 3047 458 3121 Apostrophe
469 3047 503 3101 ed
514 3048 591 3102 lilios.
638 3056 732 3120 corrig.
742 3071 822 3119 quem.
833 3051 875 3125 ¹Sic
885 3051 971 3103 Bentl.
983 3069 1033 3121 pro
1044 3071 1084 3103 me
1091 3050 1151 3102 vul·

96 3127 187 3182 Beeein
201 3141 341 3202 postremo
351 3126 464 3200 dignitas
475 3146 595 3199 persone
638 3143 706 3202 gero.
717 3129 855 3182 Probatur.
865 3129 942 3182 Prius
956 3129 1040 3192 enim,
1053 3127 1149 3200 inquit,

97 3204 269 3280 hujusmsta
289 3219 339 3270 est,
351 3217 382 3258 nt
398 3225 453 3260 non
466 3218 595 3278 perpetuo
638 3228 677 3260 me
689 3207 778 3278 inepte
798 3207 842 3259 hic
855 3207 979 3278 ponitur,
1003 3206 1150 3259 sielterutn

97 3297 237 3340 nmmum·
251 3286 399 3340 videretur.
415 3290 508 3339 Dona.
639 3306 677 3339 me
688 3297 858 3358 sequatur.-
865 3288 1044 3338 obsecundare.
1053 3291 1151 3341 Donet.

124 3368 175 3432 995.
193 3373 276 3420 Iusta.
297 3366 395 3417 Brttns.
415 3363 475 3418 cod.
488 3361 531 3418 ed.
548 3367 595 3416 ista
638 3363 704 3434 legit
718 3366 860 3416 sectandam.

98 3446 213 3511 projesta.
676 3459 750 3495 1000.
764 3443 829 3506 Tibi,
839 3455 919 3509 pater,
925 3443 1089 3510 pemrr'ttimres.
1100 3441 1154 3495 No·

124 3521 405 3591 merewaldum
420 3521 593 3594 manuscript.
611 3513 617 3522 ⁸
637 3521 686 3573 luit
692 3520 831 3574 Terentius
843 3521 877 3574 sb
889 3521 1023 3573 amoribus
1036 3521 1152 3574 filiorum

98 3605 317 3653 eudo-uma
324 3601 412 3669 facio,
426 3599 540 3672 negligo.
638 3611 770 3673 perpetuo
789 3599 923 3671 repulsum
937 3611 1047 3671 petrem.
1061 3605 1154 3652 Donat.

54 3709 58 3716 ·
123 3679 176 3748 998.
187 3683 271 3731 Hirrus
283 3681 383 3731 videtis.
392 3679 482 3731 Minus
491 3677 595 3732 cavetis.
678 3697 753 3732 root.
771 3684 830 3731 Plrrs
845 3683 910 3743 ser's,
927 3681 1002 3748 quid,
1015 3691 1066 3734 ete.
1077 3679 1154 3733 Sicut

124 3775 179 3826 999.
193 3764 289 3825 Quem,
300 3759 426 3831 aliquem.
449 3759 490 3811 Ite
508 3758 597 3810 obser-
640 3757 722 3811 modo
735 3756 913 3812 adolescentes
927 3757 1102 3830 descripserat
1114 3777 1154 3812 re-

98 3836 167 3889 nnde
186 3838 363 3892 eonstrnctio'
375 3837 518 3890 verborum
541 3835 598 3888 hee
641 3855 701 3890 rum
720 3837 871 3908 imperitos,
890 3838 927 3892 its
940 3855 1030 3890 senem
1047 3851 1155 3889 nunes

99 3918 174 3968 erni
184 3920 260 3970 vulsis
274 3921 382 3985 aliquem
400 3919 453 3969 lues
470 3918 599 3984 reprelen·
642 3915 733 3989 peritia
750 3915 854 3982 laudet,
868 3917 915 3989 qui
934 3916 1011 3969 sciret
1028 3916 1155 3983 quosnero

100 3995 160 4057 dm,
172 4008 224 4049 etc.
233 4016 293 4063 qm
300 4015 365 4059 vos,
376 4007 427 4048 etc.
443 4014 498 4047 ecee
506 4013 544 4046 me
553 3992 600 4065 qui
643 3994 756 4064 opus'sr't.
765 3995 953 4049 Boeclen-Sic
965 3997 993 4048 in
1007 3994 1104 4047 Heeut.
1115 4010 1155 4044 vs.

101 4070 220 4126 idlaciarn
230 4071 497 4128 vobis.Adn0tathic
510 4073 600 4126 Decie·
649 4081 715 4140 114,
735 4074 805 4127 filius
827 4073 935 4147 qnidam
955 4086 1030 4146 putet
1053 4083 1156 4144 petrem

102 4149 130 4200 rie
139 4151 206 4220 quod
220 4153 241 4205 it
252 4149 352 4224 optitire
365 4151 398 4205 ed
412 4171 477 4216 rent,
492 4163 517 4206 et
531 4152 601 4205 bene
640 4156 698 4221 plus
711 4156 772 4204 scire
790 4165 816 4206 et
826 4153 968 4225 providere
987 4169 1068 4222 quem
1078 4169 1105 4201 se
1117 4150 1157 4218 ip·

40 4284 43 4292 ,
102 4226 601 4286 PottaeartiliciumdecleretteLeece·
645 4249 704 4282 sunt
716 4230 816 4284 sibi-
828 4228 1141 4302 Defrarre.Ctesiphone.
