3016 5182
374 515 447 612 348
610 521 791 592 runnu
814 484 1069 594 Tunnnrn
1092 522 1213 592 arnt

389 709 1435 734 mmmmmmms

600 889 845 999 SCENA
885 893 1215 998 ADDITAt

739 1132 850 1201 ter.
868 1131 913 1217 V,
947 1132 1017 1201 sc.
1045 1155 1078 1200 x.

760 1313 1049 1345 *wat—*-

685 1447 897 1513 PHAEDRIA.
922 1448 1135 1515 PHORMIO.

378 1633 465 1698 Prin.
483 1631 542 1696 Est
556 1631 704 1720 proiecto
721 1631 825 1712 Deus,
843 1629 920 1718 qui,
944 1653 1017 1720 quoe
1034 1626 1099 1696 nos'
1114 1632 1273 1722 gerimus,
1290 1633 1437 1722 auditque

509 1749 543 1798 et
565 1731 662 1798 videt.
1394 1750 1438 1789 ,σεε

377 1835 492 1922 Neque
507 1831 542 1898 id
559 1855 672 1898 verum
688 1831 858 1916 existimo,
877 1829 968 1921 quod
982 1834 1081 1924 vulgo
1099 1833 1237 1901 dieitur:

377 1937 549 2000 «Fortuna
565 1935 707 2000 humana
723 1932 817 2024 fingit
832 1949 997 2022 artatque,
1013 1950 1051 1999 ut
1067 1936 1169 2002 lubet.
1180 1967 1194 1994 a

379 2034 464 2100 Pno.
482 2035 572 2118 Ohe,
589 2033 670 2124 quid
688 2035 771 2099 istuc
788 2033 858 2099 est?
873 2035 1038 2100 Socratem
1055 2059 1124 2101 uon
1137 2036 1318 2102 Phaedriam
1419 2121 1421 2124 Ι

380 2135 531 2220 offendi,
549 2136 592 2200 ut'
603 2134 710 2200 video.
731 2135 829 2200 Cesso
845 2135 934 2200 adire
950 2153 984 2202 et
1000 2137 1167 2226 colloqui?

378 2240 487 2320 Heus,
501 2235 666 2318 Phoedria,
682 2234 771 2301 unde
789 2237 850 2301 tibi
866 2238 935 2303 haec
952 2253 1036 2303 nova
1055 2240 1229 2328 sapientia,
1396 2255 1439 2294 ιώ·

378 2339 482 2429 quue
499 2341 532 2404 in
547 2356 614 2404 tam
631 2362 768 2429 magno,
786 2336 877 2428 quod
894 2362 962 2428 proe
977 2355 1010 2405 te
1025 2340 1107 2424 fere,
1125 2337 1270 2430 gaudio?

379 2440 467 2505 Pun.
485 2440 515 2505 Ο
532 2440 631 2520 salve,
650 2441 771 2506 amice!
788 2464 810 2506 o
827 2440 984 2506 Phormio
1001 2441 1204 2525 dulcissime,

412 2612 507 2664 *Hane
524 2630 634 2675 roenam,
644 2631 700 2680 quae
713 2615 741 2663 iu
753 2613 820 2662 nulla
835 2630 888 2664 om·
969 2617 1047 2667 1055.
1056 2615 1440 2682 Gerimuaginmstrpvntt.

379 2695 440 2744 uino
462 2693 599 2743 editionum
623 2705 760 2744 notuerunt
789 2694 886 2755 citatur,
969 2699 1043 2759 ¹⁰⁵7·
1057 2699 1168 2746 Fortuna
1180 2694 1438 2764 bumanafingit,rte.

378 2783 568 2838 reprmeutatet
581 2773 734 2822 vernaculam
746 2773 887 2822 traducitur
931 2775 1059 2828 Clandinn.
1080 2776 1108 2824 in
1129 2773 1214 2825 Rufin.
1237 2775 1282 2824 lib.
1303 2778 1332 2836 1,
1354 2774 1439 2823 initio:

378 2853 888 2919 liuguamGelliouainterpreeLemounier3
938 2875 1032 2905 ......
1046 2863 1172 2921 unaque
1195 2855 1260 2904 riam
1282 2871 1334 2903 non
1356 2865 1436 2920 sponte

378 2943 537 2998 mutaturque
549 2949 603 2982 eam
614 2933 688 2995 adjici
703 2933 846 2999 plerumque
862 2934 891 2981 in
934 2933 1051 2999 sequebar
1059 2935 1180 2995 Alteriur,
1195 2951 1274 2984 vacuo
1283 2949 1339 2999 quat
1350 2949 1437 2982 currere

379 3012 445 3062 caloe
463 3011 599 3062 editionum
616 3013 649 3062 ad
670 3029 739 3062 utum
756 3013 891 3074 juventuti·
935 3016 1026 3063 nemina
1045 3025 1116 3063 motu
1138 3011 1267 3074 Affirmat,
1289 3028 1442 3078 magnumque

379 3093 632 3154 aooommodatarnm3
650 3109 796 3158 quamquam
815 3092 846 3141 de
863 3108 891 3140 ea
935 3109 1012 3142 novae
1025 3111 1070 3160 per
1083 3095 1155 3142 inane
1165 3093 1256 3158 figurae
1267 3095 1386 3152 Fortuna,
1394 3107 1439 3140 non

380 3185 412 3218 ne
424 3172 574 3220 mentionem
583 3171 682 3236 quidem
697 3172 769 3220 iaciat
782 3172 835 3236 ipae
844 3173 892 3221 Ju·
935 3184 985 3221 arte
995 3173 1060 3238 regi,
1072 3175 1309 3234 etan-Humana,
1321 3189 1359 3220 res
1368 3173 1442 3220 buma-

383 3248 493 3298 reneiue.
511 3251 574 3298 Utut
597 3251 645 3311 eit,
669 3249 763 3316 placuit
781 3266 834 3299 eam
851 3249 892 3298 bie
935 3253 1119 3316 nan-Anat,
1132 3251 1172 3301 vel
1183 3263 1283 3313 ανοιατ,
1296 3251 1443 3316 constringit,

383 3325 485 3388 referri,
503 3343 558 3393 qun
577 3329 670 3378 audiret
687 3329 786 3378 alteram
803 3327 892 3377 fabulae
935 3330 1055 3395 adjungit.
1065 3331 1173 3381 Martini.
1183 3334 1231 3396 Ep.
1241 3330 1443 3381 litun-Auta-

382 3407 459 3472 ipsine
466 3417 560 3472 partem
572 3408 630 3456 aatia
643 3408 749 3457 dilucide
762 3407 892 3473 expedint,
936 3427 984 3474 que
994 3410 1131 3459 immodicis
1138 3420 1200 3459 artat
1208 3410 1381 3475 tmaginibm
1391 3411 1442 3459 Non

379 3497 404 3535 et
416 3487 443 3534 in
454 3501 505 3550 qua
514 3503 567 3535 non
578 3487 639 3536 adeo
651 3487 734 3552 inepte
744 3499 829 3536 auotor
836 3487 892 3535 imi·
936 3487 999 3536 male
1011 3487 1060 3553 legi
1071 3487 1242 3538 arbitraremur
1254 3501 1333 3556 aptat.

380 3575 444 3614 tatus
456 3565 488 3614 eit
501 3581 582 3614 verum
591 3567 700 3614 Terentii
715 3582 821 3614 manum.
833 3567 892 3615 Non
975 3567 1051 3631 1059.
1065 3569 1096 3616 Ut
1103 3566 1188 3615 video.
1202 3567 1302 3616 Soilioet
1314 3584 1346 3616 ex
1357 3577 1442 3614 teuteu-

272 3669 274 3674 ’
379 3646 413 3694 ita
425 3656 506 3695 autem
518 3645 624 3694 insanire
643 3644 730 3694 libebit
748 3645 774 3693 iu
788 3659 892 3709 exagge·
936 3646 969 3694 tia
978 3661 1051 3710 quam
1063 3647 1233 3711 pronuntiavit
1246 3645 1310 3695 adeo
1322 3647 1442 3710 rapientur.

381 3725 462 3774 randie
471 3723 661 3787 commentariia,
671 3735 700 3774 ut
708 3725 811 3773 velimus
820 3724 890 3774 adul·
974 3725 1049 3774 1061.
1068 3724 1155 3789 quue.
1168 3727 1200 3774 Et
1212 3725 1321 3790 quidem.
1336 3723 1443 3774 Similiter

379 3804 485 3852 terinum
497 3803 546 3852 boe
563 3803 741 3867 fragmentum,
754 3804 821 3851 notis
832 3803 890 3852 illu·
936 3802 1029 3862 umet,
1048 3805 1090 3856 atti
1114 3809 1207 3857 ταῦτα.
1234 3804 1285 3860 Τὴν
1306 3794 1400 3858 iuvit
1422 3803 1443 3855 iv

380 3882 450 3932 attan
460 3881 535 3947 (abuit
547 3880 622 3929 verbo
633 3882 750 3949 invidia);
770 3899 826 3948 quae
839 3883 891 3932 laue
936 3885 1030 3951 κιφαλῇ
1041 3883 1165 3953 (omorio
1180 3886 1192 3936 ὁ
1209 3884 1283 3949 Ζεὺς,
1296 3884 1339 3937 καὶ
1353 3887 1441 3936 ταῦτα,

379 3973 474 4012 maneat
482 3975 600 4009 eoneeua
614 3961 661 4009 soli
669 3961 796 4010 Terentio.
816 3964 892 4036 Cape·
937 3963 1048 4014 taneto.
1067 3966 1125 4012 Luc,
1143 3965 1207 4013 Diui.
1222 3968 1301 4014 Deor.
1318 3966 1342 4013 8.
1355 3963 1445 4028 Jupiter

379 4042 459 4090 bimur
472 4051 584 4097 tautum,
601 4040 707 4105 nequid
720 4052 838 4101 uaueeat,
851 4042 890 4089 in·
937 4042 962 4089 in
989 4040 1091 4090 cerebro
1115 4043 1195 4090 vivam
1227 4045 1338 4091 nutriens
1357 4043 1443 4090 utnu-

379 4120 551 4184 terpretatioue
569 4117 699 4182 indigena,
718 4130 742 4168 et
757 4121 892 4170 necessario
938 4137 1004 4182 vam,
1014 4121 1144 4186 etquidem
1153 4123 1381 4172 armieimtruetam.

291 4222 294 4233 ·
378 4197 565 4264 explanandum.
978 4200 1056 4249 roda.
1072 4202 1187 4260 Oaalae,
1201 4202 1300 4251 amice!
1313 4200 1444 4250 olenuio
