3064 5180
364 538 431 621 ris
595 538 774 606 enutri
798 523 1049 608 inueniri
1073 537 1193 606 arur

361 668 426 739 Sed
444 661 574 738 videon’
590 653 656 764 ego
671 669 880 739 Philotium?
896 671 985 739 unde
998 672 1070 740 haec
1088 669 1249 740 advenit?

359 773 516 863 Philotis,
539 774 627 846 salve
649 775 803 845 multum.
824 778 887 847 ΡΗ.
909 781 941 847 0
957 777 1060 864 salve,
1077 778 1252 846 Parmeno.

358 885 417 952 Su.
441 881 539 953 Salve
557 897 739 968 mecastor,
751 885 926 953 Parmeno.
941 885 1027 954 Pan.
1046 887 1091 953 Et
1108 898 1146 952 tu
1162 882 1306 978 aedepol,
1337 887 1436 980 Syra.

359 991 424 1059 Dic
445 991 543 1076 mihi,
562 989 716 1075 Philotis,
735 991 793 1060 ubi
808 1005 841 1060 te
855 991 1028 1062 oblectasti
1040 1006 1109 1059 tam
1125 989 1208 1061 diu?

358 1097 423 1165 PH.
442 1099 595 1165 Minume
609 1097 763 1191 equidem
784 1123 838 1166 me
856 1099 1041 1183 oblectari,
1056 1123 1130 1191 quae
1149 1124 1226 1167 cum
1245 1095 1348 1167 milite
1410 1115 1438 1154 ⁸⁵

358 1203 560 1272 Corinthum
574 1203 652 1272 hinc
671 1228 745 1272 sum
767 1204 918 1299 profecta
939 1205 1225 1274 inhumanissimo.

357 1311 531 1379 Biennium
553 1311 599 1378 ibi
616 1325 815 1405 perpetuum
828 1313 949 1380 misera
968 1309 1061 1380 illum
1081 1313 1152 1394 tuli.

357 1417 443 1487 Pan.
460 1415 600 1511 AEdepol
621 1431 654 1486 te
672 1417 870 1488 desiderium
889 1418 1098 1488 Athenarum
1117 1417 1278 1505 arbitror,

356 1522 556 1610 Philotium,
580 1526 707 1618 cepisse
727 1549 836 1619 saepe,
858 1539 892 1593 et
911 1540 944 1593 te
965 1539 1061 1594 tuum

357 1628 541 1700 Consilium
557 1633 804 1726 contempsisse.
821 1633 886 1700 Pir.
905 1633 984 1701 Non
997 1631 1063 1701 dici
1077 1645 1206 1725 potest,
1407 1665 1437 1702 a·

357 1739 469 1828 Quam
483 1735 605 1833 cupida
621 1762 714 1807 eram
731 1739 799 1808 huc
818 1737 994 1824 redeundi,
1014 1737 1158 1807 abeundi
1176 1762 1195 1806 a
1215 1729 1336 1824 milite,

391 1927 434 1978 81.
457 1928 507 1976 Sed
525 1927 626 1976 videon'
646 1944 701 1994 ego.
723 1927 785 1978 Duo
806 1925 871 1978 Mo.
915 1939 987 1978 ctum
997 1925 1436 1993 meretrici,nou,abifuistireed,

353 2005 461 2058 Boecler.
471 2003 661 2072 ontittuutego.
674 2008 763 2056 -Sed
767 2006 872 2056 ¹ue'deou'
914 2009 955 2057 ubi
967 2021 990 2057 te
1003 2008 1129 2058 oblectasti
1135 2014 1149 2055 ι’
1160 2011 1225 2056 Dea.

354 2103 402 2152 ega
411 2085 562 2136 Philotium?
576 2083 712 2156 Exquisite
723 2084 768 2136 hic
778 2089 871 2138 Dona·
950 2085 983 2139 85
999 2104 1073 2157 seqq.
1089 2087 1192 2136 Minime
1205 2087 1318 2152 equidem
1329 2103 1370 2136 me
1379 2089 1433 2138 obt.

352 2177 396 2217 tue
411 2183 418 2217 :
437 2188 449 2210 ι
458 2163 526 2216 Mire
540 2167 649 2218 inventa
663 2176 702 2216 est
716 2184 797 2218 cauea
811 2182 871 2217 nar·
913 2165 978 2219 Hec
991 2175 1149 2235 argumenta
1166 2174 1241 2225 aunt,
1259 2182 1293 2215 an
1311 2181 1339 2216 se
1353 2163 1434 2218 oble·

352 2243 432 2296 randi
442 2242 517 2304 ideo,
530 2243 594 2314 quia
609 2261 721 2314 peregre
731 2244 804 2297 venit
812 2262 869 2297 me·
913 2257 984 2298 ctare
1004 2244 1121 2316 potuerit
1140 2261 1148 2296 τ
1172 2261 1187 2296 e
1208 2261 1340 2316 persona,
1367 2245 1435 2315 quia

352 2324 450 2376 retrir:
473 2323 595 2394 alioquin
610 2323 633 2376 si
650 2321 762 2376 Athenis
785 2335 868 2386 esset,
913 2329 981 2377 miles
992 2325 1223 2382 inhumanissimus,-
1241 2341 1256 2374 a
1271 2322 1340 2384 loco,
1354 2323 1435 2395 quod

352 2403 441 2456 omnia
466 2403 579 2454 sciret·
596 2432 632 2443 -
652 2405 792 2456 Philotium.
826 2403 870 2456 Sia
912 2401 1286 2474 biuc(Athenis),prosecta;a
1299 2415 1433 2473 tempore,

354 2481 453 2534 blande
467 2500 516 2554 per
545 2480 735 2536 diminutivum
752 2483 871 2555 compel-
912 2485 986 2557 quod
996 2488 1118 2536 biennium
1123 2504 1133 2544 ,·
1146 2501 1208 2548 are,
1222 2482 1239 2534 i.
1254 2502 1279 2535 e.
1288 2482 1323 2534 ab
1331 2481 1434 2556 injuria

351 2560 538 2634 lathaucquae
551 2575 664 2615 vocatur
673 2561 793 2616 Philotis.
813 2563 868 2617 Cre·
912 2584 992 2637 quam
1009 2567 1069 2616 aelia
1079 2568 1142 2615 Dan.
1159 2593 1197 2603 -
1215 2565 1289 2613 Illum
1304 2563 1434 2615 tutillam

351 2651 438 2693 terum
470 2639 585 2693 vidimus
615 2641 730 2693 leminea
759 2642 870 2695 nomina
912 2664 973 2698 eum
987 2647 1033 2698 illo
1048 2641 1155 2708 fui,sed
1169 2643 1222 2707 uili,
1237 2641 1305 2694 adeo
1316 2660 1372 2694 nou
1386 2661 1434 2695 me

351 2719 508 2773 Graecorum
532 2731 627 2772 neutro
650 2739 747 2790 genere
775 2721 869 2792 sapius
912 2723 1109 2778 oblectantes.
1123 2721 1186 2774 inlr.
1200 2725 1261 2775 610.

351 2799 503 2862 terminari,
524 2811 554 2852 ut
568 2800 595 2851 in
605 2799 708 2853 Andria
719 2803 869 2864 Glycerium.
949 2805 990 2876 87.
1011 2807 1074 2856 Tuli.
1091 2804 1150 2854 Duo
1161 2802 1224 2854 Mss.
1237 2801 1316 2855 Boecl.
1332 2813 1358 2855 et
1368 2801 1432 2874 qui·

351 2909 386 2919 -
406 2882 475 2930 Unde
494 2881 548 2930 tae
566 2881 685 2932 advenit?
697 2881 739 2932 En
760 2899 869 2936 causam
912 2881 974 2935 dam
986 2883 1052 2936 editi
1059 2884 1157 2951 pertuli.

353 2956 496 3012 narrandi!
948 2965 990 3016 88.
1003 2967 1036 3013 Te
1047 2962 1203 3012 desiderium.
1213 2958 1299 3013 Codd.
1314 2959 1433 3031 quidam

388 3039 431 3092 82.
453 3039 564 3090 Philotis.
589 3037 714 3090 Muretus
730 3037 794 3092 olim
815 3044 869 3092 Phi·
910 3059 966 3094 uon
977 3050 1124 3112 agnoscunt
1140 3054 1172 3090 re.
1187 3069 1223 3079 -
1238 3042 1432 3090 Tedesiderium

353 3121 405 3171 lati.
911 3125 1010 3190 cepisse.
1020 3121 1059 3174 Te
1072 3130 1175 3191 captam
1186 3119 1265 3171 fuisse
1275 3118 1431 3183 desideri03

388 3199 432 3252 83.
453 3195 520 3249 Sua.
543 3198 630 3262 Salve,
651 3213 790 3263 mecastor,
815 3212 867 3253 etc.
911 3212 937 3253 et
947 3212 987 3254 est
999 3201 1026 3253 in
1040 3199 1285 3275 vertamusque

351 3278 425 3332 Olim
435 3277 579 3330 salutantes
588 3273 869 3349 addebantjusjuran-
946 3299 989 3350 9⁰·
1013 3286 1046 3332 Te
1059 3297 1124 3334 tuum
1139 3285 1227 3337 consil.
1240 3293 1372 3346 coutemps.
1387 3279 1431 3332 Te

351 3360 435 3422 dum,
455 3367 485 3409 ut
505 3355 558 3408 hoc
581 3353 674 3408 sedulo
693 3356 781 3409 lacere
795 3357 868 3412 vide·
910 3361 1229 3433 poenituisseprolectanr.

351 3451 455 3492 rentur.
470 3441 536 3488 Dan.
547 3465 581 3475 —
593 3435 626 3487 lu
639 3451 771 3501 mecastor,
783 3439 811 3489 τὸ
829 3457 868 3490 me
946 3460 989 3511 91.
999 3446 1127 3494 Redeuudi
1133 3481 1141 3507 ,
1150 3442 1259 3494 abeundi
1273 3458 1290 3488 a
1303 3439 1355 3489 mil.
1366 3438 1431 3491 Lib-

352 3530 396 3572 aut
407 3515 523 3589 adjectio
535 3527 589 3577 est,
608 3525 656 3567 aut
671 3514 805 3580 abundat3
821 3529 868 3570 aut
910 3523 991 3593 antiq.
1004 3525 1125 3572 redeundi
1139 3536 1162 3572 ee
1171 3521 1278 3571 abeund.
1294 3536 1311 3566 a
1325 3521 1380 3570 mil.
1391 3549 1430 3559 —

352 3597 468 3670 positum
482 3613 533 3667 pro
547 3595 584 3666 μὰ
599 3593 700 3665 syllaba
714 3613 721 3649 ε
734 3607 764 3648 ut
775 3594 867 3650 Graeci
911 3606 990 3668 Quam
1000 3603 1088 3670 cupide
1103 3620 1170 3652 eram
1183 3603 1295 3653 haered.
1314 3603 1428 3652 abeund.

352 3682 389 3751 μὰ
396 3681 435 3733 τὸν
446 3671 867 3732 immatedicuntuou-lltud
909 3701 927 3731 a
937 3683 988 3732 mit
999 3679 1098 3732 Mirum
1107 3680 1176 3734 valet
1186 3679 1219 3733 ad
1233 3679 1429 3752 significandos

351 3770 439 3812 autem
450 3753 638 3830 jusjurandum
647 3770 769 3806 mecastor
787 3756 866 3809 lemi-
909 3777 1005 3831 pravos
1024 3775 1110 3812 morea
1124 3759 1199 3812 istius
1215 3759 1320 3827 militis,
1338 3759 1428 3833 quod,

351 3840 392 3893 uis
401 3851 503 3891 tentum
518 3835 658 3899 familiare,
668 3853 752 3906 quum
766 3833 866 3889 ririme
909 3837 971 3910 quia
984 3857 1046 3891 cum
1065 3857 1096 3891 eo
1112 3837 1256 3892 vivendum
1269 3849 1352 3902 esset,
1364 3837 1429 3894 ideo

351 3909 448 3970 herc‘ule
455 3921 586 3990 jurarent.
594 3913 703 3968 aceli.
712 3914 761 3977 xl,
771 3918 867 3968 6.-Et
909 3917 1014 3970 mulieri
1033 3936 1067 3972 ne
1079 3918 1227 3973 Corinthus
1242 3917 1354 3991 quidem
1364 3917 1428 3992 pla-

351 4016 376 4049 ta
386 4001 496 4065 aedepol,
505 4002 577 4062 Syra.
589 3994 673 4048 Irrisit
687 3997 720 4047 ad
731 4011 863 4059 mecastor,
909 3996 994 4060 cebet,
1002 4017 1115 4070 regnum
1125 3997 1303 4051 meretricum.
1319 3999 1428 4052 Tantus

349 4074 486 4138 addendo,
501 4079 614 4144 oedep01,·
624 4085 650 4128 et
661 4073 734 4147 quod
744 4075 789 4129 illa
798 4082 862 4128 Par·
907 4077 992 4141 enim,
1005 4079 1093 4151 inquit
1104 4079 1241 4145 Erasmus,
1256 4075 1358 4150 Adagg.
1373 4080 1427 4142 w,

347 4176 431 4217 meno,
440 4153 485 4208 ille
495 4155 539 4208 hic
549 4153 653 4207 addidit
661 4160 734 4220 Syra.
748 4163 812 4209 Dan.
905 4159 930 4216 3,
940 4157 1044 4219 estillic
1054 4157 1295 4212 honoshabebatur
1303 4159 1428 4210 meretri-

273 4227 277 4246 '
383 4236 426 4300 84.
450 4237 496 4286 Ubi
513 4249 537 4286 te
553 4237 697 4286 oblectasti?
710 4235 806 4291 Facete
820 4235 858 4289 di·
903 4237 990 4300 cibus,
1001 4251 1043 4304 nt,
1052 4236 1277 4309 quemadmodum
1290 4255 1320 4290 ex
1331 4249 1427 4292 aucto-
