3064 5180
308 559 538 629 ADELPH.
563 563 670 630 ACT.
694 563 737 646 V,
761 563 832 630 SC.
859 563 923 631 tx.
1088 559 1154 630 123

99 688 257 785 Phrygiam
270 703 315 760 ut
327 715 472 765 uxorem
484 714 591 764 meam
602 715 668 762 una
680 717 811 762 mecum
824 692 954 763 videam
968 692 1114 762 liberam.

101 799 157 866 tu„
184 798 376 891 Optumam
404 797 543 892 quidem
562 799 743 870 mulierem.
765 801 845 870 Sru.
864 803 908 869 Et
937 799 1070 894 quidem
1096 814 1154 870 tuo

243 905 365 998 nepoti
382 904 483 1000 hujus
504 905 573 994 filio
594 911 598 921 '

105 1008 199 1080 llodie
211 1009 320 1103 prima
330 1035 511 1082 mammam
525 1011 616 1081 dedit
632 1011 713 1080 hoec.
725 1013 790 1080 Da.
803 1006 924 1080 Hercle
933 1035 1013 1080 vero
1024 1013 1124 1096 serio,

19 1130 20 1145 ¹
105 1115 270 1210 Siquidem
286 1119 395 1210 prima
406 1116 513 1206 dedit,
533 1116 624 1186 haud
636 1116 791 1205 dubium,
810 1120 889 1213 quin
905 1119 1010 1188 emitti
1024 1141 1154 1214 aequum

22 1282 23 1293 t
252 1223 327 1295 sieta
1118 1247 1155 1298 9⁸¹

22 1357 24 1434 j
106 1330 179 1400 tue.
190 1329 247 1398 Ob
258 1326 440 1408 eamrem?
454 1331 520 1398 De.
535 1327 590 1420 Ob
607 1353 680 1398 eam
695 1355 704 1397 ε
721 1343 891 1426 postremo
920 1353 940 1399 a
964 1355 1019 1400 me
1038 1353 1156 1425 argen-

23 1440 25 1449 '
252 1436 471 1530 tum,quanti
485 1449 549 1523 est,
570 1437 702 1505 sumito.

25 1636 27 1649 Ι
105 1686 242 1734 -Uu'eaus
259 1687 308 1735 boc
330 1697 470 1752 perpensum
477 1685 531 1754 fiat
542 1703 606 1752 gau·
649 1683 1160 1757 vs.prsaced.),legitimaspolerttntntt-

24 1806 27 1817 .
105 1761 528 1828 &waliramnum
537 1760 609 1815 istud
650 1764 721 1836 pties
733 1761 1159 1836 contrabers3quodlisdemerat

24 1824 28 1885 i
105 1843 211 1896 mibisit
227 1841 444 1896 manumissionis
453 1861 608 1896 concessum
651 1844 829 1910 vetitum,sin
842 1861 857 1897 e
870 1843 1160 1916 conuariopermodos

22 1936 27 1989 χ·
104 1939 193 1992 μω,
209 1920 284 1992 qnod
298 1941 341 1976 me
357 1922 466 1975 omnino
484 1941 607 1977 securum
651 1923 739 1976 minem
750 1924 880 1978 solemnes
893 1923 967 1978 lieret
975 1924 1161 1984 manumissio,

21 2026 22 2047 t
104 2018 199 2054 anoro
212 2001 324 2054 servitio
341 2013 454 2074 praestet.
471 2026 483 2047 ·
503 2001 608 2056 Scilicet
651 2002 1063 2076 uthicest.CallideergoSyrus
1072 2003 1159 2074 Phry·

103 2080 186 2152 plue·
201 2091 281 2134 mant
299 2080 373 2154 apud
390 2081 521 2136 llommos
534 2079 608 2134 modi
652 2082 700 2154 gin
713 2099 766 2136 sne
775 2081 850 2134 dedit
858 2086 943 2134 neoris
956 2100 1070 2145 nomen,
1083 2081 1158 2154 quasi

20 2198 21 2233 t
103 2159 273 2230 quibusservi
281 2159 480 2214 vindicarentur
489 2162 518 2214 in
528 2161 608 2214 liber·
651 2173 811 2235 praevertens
827 2179 927 2216 uorum
946 2161 1158 2215 dominisnibe·

103 2249 190 2296 ntem,
206 2239 277 2288 nodi
286 2243 407 2290 solemnes
418 2237 561 2306 videlicet,
582 2251 608 2292 et
651 2241 784 2294 aeficium.
812 2240 857 2295 sic
877 2260 973 2313 nempe
992 2240 1078 2294 innuit
1101 2259 1159 2293 eam

104 2319 165 2368 nodi
172 2321 254 2368 minus
263 2321 402 2379 solenmss,·
416 2315 450 2370 ad
461 2316 511 2371 bos
523 2329 609 2389 poste·
651 2319 700 2374 sibi
714 2319 795 2376 fuisse
802 2339 953 2375 concessam
962 2319 1119 2379 libertatem.
1128 2332 1159 2374 ut

103 2397 178 2450 riores
192 2396 346 2470 pertinebat
361 2396 532 2450 manumissio
545 2399 610 2449 iuter
653 2411 680 2452 et
692 2419 794 2450 acrorem
807 2397 857 2452 sibi
872 2400 954 2472 possit
964 2398 1062 2452 habere
1069 2440 1077 2465 ‚
1092 2411 1117 2452 et
1129 2409 1160 2452 ut

20 2546 21 2555 ἵ
104 2480 200 2539 πᾶσι,
218 2477 294 2530 utfit
316 2478 346 2530 in
359 2475 412 2530 hoc
429 2477 525 2531 utute
542 2479 610 2535 loco.
653 2478 687 2532 sit
697 2497 759 2532 cum
771 2479 828 2552 ipso
841 2479 936 2544 libera3
951 2479 968 2532 i.
979 2498 1003 2532 e.
1015 2491 1046 2532 ut
1058 2479 1091 2532 sit
1103 2498 1159 2534 om·

105 2556 187 2620 Qum
198 2569 291 2609 autem
304 2557 341 2609 ita
358 2555 537 2610 vindicaretur
555 2577 610 2613 ser·
654 2558 720 2612 nino
740 2570 767 2611 et
784 2560 900 2634 perfecte
916 2559 992 2612 liber.
1006 2558 1086 2624 Quod
1103 2561 1159 2630 jam

105 2637 186 2688 min
201 2635 367 2700 libertatem,
385 2635 480 2690 licebat
493 2636 608 2690 leredo·
654 2637 770 2692 vidimus
782 2637 808 2690 in
819 2657 859 2692 rs.
873 2637 1041 2709 precedenti.
1057 2637 1158 2690 -Νο-
1263 2657 1265 2673 ¹

105 2715 171 2767 mino
183 2713 252 2767 illud
265 2715 393 2768 libertatis
412 2715 546 2770 retrabere
562 2716 611 2770 do·
654 2736 716 2770 vam
741 2716 812 2770 heac
837 2717 1076 2788 interpretationem
1108 2715 1161 2770 loci
1223 2731 1227 2740 “

105 2812 180 2860 unm,
202 2795 256 2846 nisi
276 2791 358 2847 modo
382 2793 493 2848 solemni
518 2805 610 2868 postea
653 2791 774 2850 nondum
786 2797 854 2849 bene
873 2797 1005 2868 explanati
1023 2796 1160 2853 nobiscum

105 2885 343 2927 comecraretnrac
360 2873 522 2934 sanciretur.
538 2871 610 2928 etad
653 2872 846 2928 humanissime
880 2875 1086 2929 communicavit
1121 2875 1162 2932 vir

106 2950 241 3006 idallndit
266 2972 377 3019 servus,
397 2972 482 3026 quum
501 2954 609 3028 plenam
653 2955 725 3010 doct.
735 2961 858 3016 Porcelrt,
869 2967 926 3008 tum
933 2954 967 3009 de
978 2955 1160 3030 scientiajuris

106 3031 334 3085 manumissionem
356 3033 488 3104 postulat,
512 3043 539 3087 et
557 3051 609 3106 qua
653 3047 710 3088 tum
723 3033 757 3090 de
770 3035 849 3088 literis
859 3034 946 3088 latinis
958 3035 1163 3107 sepissimeme·

101 3127 235 3178 perpetum
251 3112 304 3166 sibi
323 3112 408 3186 possit
421 3131 526 3184 sperare
544 3131 609 3185 gau·
651 3115 728 3170 ritus.

106 3187 193 3254 dium,
216 3204 326 3264 propter
349 3203 507 3264 perpetuam
529 3193 611 3246 liber·
691 3214 752 3266 979.
765 3200 862 3262 Operam.
877 3197 945 3263 quid.
966 3201 1025 3249 mul.
1044 3196 1162 3250 Subaud.

105 3279 189 3321 tatem.
656 3272 736 3341 dicit,
756 3273 875 3327 nominat
887 3275 978 3347 Syrus.
991 3275 1033 3328 Sic
1047 3287 1163 3330 mutatus

136 3349 195 3416 978.
221 3353 279 3399 Ursa
302 3369 405 3402 mecum.
420 3347 474 3402 Atti
488 3349 615 3404 omittunt
656 3353 770 3416 Demea,
788 3370 897 3416 omnes,
913 3354 1164 3409 omnialaudat-

106 3445 203 3493 mm,
214 3440 309 3482 contra
320 3447 422 3484 morem
435 3429 565 3482 Terentii.
578 3461 614 3471 -
658 3435 749 3502 Hujus,
768 3431 897 3485 AEschini.

105 3508 230 3574 hygiam
247 3522 273 3558 m
288 3527 333 3560 ιιι.
347 3529 396 3562 me.
407 3509 444 3561 Ut
457 3509 614 3581 ipseSyrus,
692 3514 845 3578 980.Prrina
857 3513 1164 3583 mammamddeaern.

105 3580 216 3638 itauxor
228 3589 337 3655 Phrygia
354 3608 363 3637 :
380 3586 528 3641 secuudum
546 3601 615 3641 vete·
653 3594 760 3660 primam
772 3609 805 3643 ex
815 3591 916 3663 aliquot
927 3591 975 3644 lib.
988 3591 1104 3662 scriptis.
1130 3623 1164 3634 -

107 3681 154 3732 res,
163 3665 209 3738 qui
217 3667 300 3719 serris
310 3667 417 3720 nomina
431 3687 447 3719 a
461 3667 613 3722 nationibus
656 3674 736 3724 Hodie
745 3690 785 3739 pr.
798 3690 930 3722 mamruam
942 3673 1080 3724 &ditham
1094 3671 1165 3725 Ridi-

109 3740 404 3814 imponebant.Don.-
416 3752 523 3798 Uxorem
534 3767 614 3800 meam
656 3749 745 3807 culum
762 3749 907 3814 meritum,
928 3749 1001 3820 quod
1024 3750 1165 3822 prebuerit

110 3839 196 3874 mm
208 3827 310 3876 videam
322 3828 434 3880 liberam.
446 3825 532 3880 Servis
543 3826 613 3898 apud
657 3847 800 3884 mammam
811 3832 893 3902 jussa.
904 3860 940 3871 -·
950 3834 1037 3884 Hercle
1054 3851 1114 3882 nero
1123 3850 1164 3882 se·

111 3899 236 3956 Romanos
247 3903 370 3976 legitimo
383 3905 482 3977 nuptias
496 3924 551 3960 non
565 3924 614 3978 po·
657 3913 702 3962 rio.
715 3907 848 3962 Aduerbia
860 3908 1049 3964 confirmantis.

113 3988 191 4033 terant
214 3983 386 4056 contingere,
408 3996 434 4036 et
457 4001 612 4040 concessum
692 3990 753 4056 981.
767 3991 866 4052 amires,
884 4007 966 4041 manu
985 3987 1063 4047 mitti,
1082 3986 1166 4040 vindi·

115 4058 149 4110 eis
166 4075 220 4115 erat
234 4063 403 4118 solummodo
415 4066 458 4136 jus
472 4065 613 4118 contuber·
657 4066 712 4120 cari
725 4067 755 4119 in
767 4066 922 4121 libertatem.

117 4137 157 4188 nii.
169 4139 194 4192 Si
207 4141 327 4196 libertate
342 4154 429 4196 autem
451 4142 614 4198 donarentur
696 4147 756 4213 982.
770 4149 805 4196 Ob
814 4166 878 4198 eam.
889 4147 946 4198 len.
957 4143 1015 4198 cod.
1025 4142 1098 4198 addit
1106 4163 1166 4203 rem,

118 4233 157 4286 ptr
172 4225 253 4274 modos
265 4227 385 4274 solemnes
399 4221 473 4287 (vid.
486 4241 545 4294 sup.
560 4235 613 4277 not.
658 4223 787 4294 imperite.
800 4254 836 4265 ·-
851 4227 945 4293 Quanti
954 4239 995 4277 est.
1010 4221 1108 4290 Quanti
1117 4221 1165 4275 tibi
