3064 5180
336 506 407 581 156
555 507 737 575 PUBLII
764 493 1021 576 TERENTII
1047 507 1170 574 AFRI

327 644 384 712 So.
404 638 539 735 Egone?
552 641 615 710 Le.
633 642 702 726 Tu,
723 641 877 733 inquam,
898 636 1028 725 mulier,
1047 663 1122 733 quae
1137 663 1191 708 me
1208 639 1346 710 omnino
1360 637 1406 708 la-

486 745 597 840 pidem
609 799 620 833 ,
632 771 701 816 non
714 745 885 817 hominem
899 759 1006 839 putas.

330 855 401 939 An,
423 853 501 947 quia
520 853 591 922 ruri
609 877 680 924 esse
701 854 820 923 crebro
835 851 944 941 soleo,
970 839 1097 922 nescire
1115 851 1322 922 arbitramini
1340 907 1350 941 ‚
1365 878 1406 916 ,ἡ

330 961 409 1048 Quo
423 959 562 1054 quisque
580 973 678 1054 pacto
696 959 751 1029 hic
764 960 869 1029 vitam
886 971 1073 1028 vestrorum
1084 957 1226 1053 exigat?

331 1066 441 1135 Multo
449 1063 628 1136 meliushic
638 1090 712 1161 quae
719 1065 930 1161 fiunt,quam
941 1063 1152 1135 iilicubisum
1163 1064 1310 1154 assidue,
1322 1067 1404 1135 scio.

330 1172 425 1261 Ideo,
439 1173 533 1267 qiua,
548 1185 588 1242 ut
599 1197 660 1242 vos
676 1173 759 1242 mibi
774 1171 865 1243 domi
883 1171 991 1260 eritis,
1009 1170 1148 1266 proinde
1166 1196 1229 1268 ego
1243 1195 1301 1242 ero
1316 1172 1406 1242 sama

488 1277 577 1349 foris.

331 1388 350 1455 J
352 1385 535 1480 ampridem
542 1385 695 1480 equidem
705 1384 965 1480 audivi,cepisse
977 1385 1090 1454 odium
1100 1385 1149 1457 tui
1155 1384 1408 1471 Philumenam

331 1492 536 1586 Minimeque
547 1491 630 1562 adeo
647 1494 786 1582 mirum,
807 1505 860 1580 et,
878 1493 913 1562 ni
931 1490 965 1560 id
983 1491 1135 1579 fecisset,
1158 1493 1266 1587 magis
1280 1493 1407 1561 mirum

491 1598 587 1669 foret·
1368 1633 1408 1661 sse

333 1703 400 1774 Sed
410 1729 478 1777 non
487 1703 613 1775 credidi
623 1702 725 1786 adeo,
745 1705 892 1775 utetiem
903 1718 1008 1776 totam
1020 1705 1108 1776 hanc
1121 1703 1244 1774 odisset
1254 1681 1406 1774 domuin.

334 1810 436 1900 Quod
447 1812 474 1882 si
485 1813 634 1896 scissem,
646 1808 702 1882 illa
711 1811 766 1882 hic
775 1825 924 1882 maneret
935 1813 1063 1906 potius,
1074 1810 1201 1882 tubinc
1213 1812 1292 1881 isses
1304 1811 1405 1882 foras.

333 2025 380 2093 ris,
391 2026 503 2081 exsistis.
514 2028 634 2082 Verbum
643 2027 697 2082 hoc
706 2026 845 2099 impuden·
927 2029 988 2080 ¹16.
1003 2029 1059 2087 ute,
1068 2027 1097 2079 in
1106 2026 1183 2092 urbe,
1196 2024 1323 2080 domi.-
1334 2031 1408 2097 Quis·

335 2104 402 2159 tiam
412 2105 451 2159 ibi
462 2118 545 2161 notat.
557 2107 642 2162 Cicer.
655 2127 705 2179 pro
713 2109 802 2180 Dejot.
814 2107 845 2162 1:
891 2125 940 2175 que
955 2119 1110 2170 vasconem,
1122 2124 1173 2178 pro
1192 2110 1275 2175 quisq.
1289 2121 1407 2161 vestrum.

337 2190 465 2237 «Exortus
479 2197 519 2239 est
527 2186 685 2260 smnus,qui
696 2205 757 2240 eum
770 2203 848 2240 acou·
891 2185 934 2239 Sic
948 2197 1060 2239 veteres.
1076 2191 1143 2238 Don.

338 2278 392 2329 set,
403 2277 451 2319 etc.
462 2291 476 2313 ι
487 2267 654 2333 Declinetur,
665 2271 746 2330 orior,
760 2269 847 2331 oreris,
928 2283 989 2336 ²¹7·
1003 2269 1082 2317 Multo
1096 2267 1199 2329 melius,
1214 2275 1264 2317 etc.
1279 2262 1342 2317 Pari
1352 2265 1408 2319 fere

337 2356 364 2398 et
376 2347 462 2411 oriris,
481 2345 569 2400 media
586 2364 692 2418 semper
711 2346 848 2418 products.
889 2345 1012 2418 ὁπιρΰολῇ
1025 2345 1109 2398 utitur
1123 2345 1220 2398 Demea
1230 2343 1276 2406 ,in
1291 2343 1408 2417 Adelph.

337 2430 403 2478 Peri.
415 2457 451 2466 -
460 2426 499 2479 De
508 2427 561 2480 boc
574 2427 658 2482 verbo
674 2426 784 2481 adnotet
801 2432 848 2478 Le·
892 2425 958 2496 397:
972 2453 984 2472 u
992 2427 1088 2477 Annon
1098 2423 1174 2497 prius
1185 2423 1247 2476 totis
1258 2443 1320 2488 sex,
1331 2437 1382 2478 ete.
1395 2450 1407 2473 ι

338 2506 457 2564 monnier,
473 2531 486 2551 α
497 2505 539 2558 On
549 2523 695 2578 arcaeque
708 2524 741 2560 ce
751 2518 809 2559 mot
821 2523 849 2559 se
876 2559 878 2564 ,
928 2504 1068 2568 218.1deo,
1078 2506 1152 2571 quia,
1162 2514 1211 2556 etc.
1222 2505 1293 2570 Ideo,
1304 2503 1409 2558 ideireo

336 2584 420 2655 prend
434 2597 546 2639 souvent
555 2587 811 2658 enmeuvaisepa-rt,
824 2597 850 2639 et
892 2583 1029 2656 diligenter
1039 2595 1065 2636 et
1073 2583 1238 2637 canteritem
1252 2595 1369 2637 vestram
1379 2585 1408 2638 in

338 2681 391 2735 que
407 2664 445 2716 les
453 2665 699 2736 exemplesensont
712 2666 849 2738 frequente
892 2665 959 2716 urbe
983 2661 1206 2717 commorantium
1229 2682 1298 2736 rogo
1326 2675 1410 2737 atque

338 2741 405 2797 dans
422 2743 543 2798 Cicerou.
565 2743 634 2797 Meis
653 2763 690 2797 on
708 2743 851 2798 n'ecconde
892 2755 1035 2815 pertracto,
1046 2746 1267 2813 quia,proinds,ut
1279 2763 1327 2796 vos
1339 2748 1410 2798 domi

339 2840 386 2894 pes
394 2823 504 2876 anonas
511 2841 565 2896 qne
576 2841 608 2878 ce
618 2836 674 2877 mot
685 2824 850 2898 n’eitjameis
891 2825 968 2888 eritis,
978 2823 1016 2877 ita
1029 2843 1072 2877 me
1082 2822 1175 2896 opinio
1185 2836 1212 2876 et
1223 2823 1293 2877 fama
1309 2823 1408 2896 populi

339 2921 394 2956 nne
408 2903 546 2976 acception
563 2903 708 2958 favorable.
725 2909 850 2958 seorim
892 2920 1012 2956 sermone
1022 2902 1175 2958 celebrabit.
1190 2907 1271 2971 Euat.
1285 2933 1323 2943 ·-
1332 2906 1407 2957 uiti.

340 2985 448 3051 aliquis,
465 2994 515 3036 etc.
533 2983 600 3036 n'est
613 3002 662 3055 pes
674 2984 797 3057 employe
816 3003 850 3038 en
892 2981 1014 3036 Notenda
1023 2993 1062 3035 est
1071 2981 1117 3034 illa
1127 2998 1196 3043 von
1208 2981 1271 3053 quia
1287 2998 1409 3036 commo·

339 3049 850 3136 mauvaisepartdensVirgile,liinlv,
892 3060 959 3114 dites
975 3061 1081 3116 familie
1099 3059 1134 3115 ad
1149 3060 1289 3114 dominum
1302 3059 1407 3116 redun-

336 3141 402 3205 6253
416 3160 515 3196 encore
522 3141 609 3196 moins
618 3141 686 3196 dens
698 3161 729 3196 ce
741 3160 850 3215 passage
892 3140 986 3196 danna
1005 3153 1052 3196 est.
1070 3171 1106 3183 -
1125 3146 1182 3210 Ego
1199 3161 1241 3194 ere
1254 3143 1346 3211 fama,
1362 3144 1410 3199 tali

338 3221 373 3276 de
391 3221 519 3288 Ciceron,
541 3234 592 3276 aet
612 3222 722 3276 virtutes
743 3241 850 3288 omnes,
893 3218 1413 3286 fameetestimstionefruer.-Fon's,

337 3312 364 3356 et
374 3302 519 3356 honestum
533 3301 607 3376 quod
616 3302 850 3357 exbisvirtutibus
892 3299 921 3355 h.
937 3319 959 3354 e.
974 3319 1049 3363 rnre,
1058 3300 1105 3353 nbi
1118 3298 1175 3371 ipse
1183 3298 1296 3353 habitet.

337 3385 457 3434 exoritur.
472 3382 538 3435 »On
553 3382 850 3456 n'aursitpescbercbe
930 3397 990 3448 219.
1016 3383 1146 3448 Equidem.
1178 3378 1320 3432 Peniculo
1343 3378 1410 3434 huic

337 3461 467 3514 drefuter
485 3460 551 3514 ainsi
570 3463 673 3528 Donat,
692 3461 715 3516 si
729 3460 850 3515 madente
891 3457 1035 3532 respondet
1051 3459 1079 3511 τὸ
1089 3461 1144 3524 ssd,
1157 3456 1232 3511 inve.
1243 3475 1304 3510 sss.

338 3539 534 3596 Daciern'avait
542 3541 639 3613 adopt&
648 3559 697 3596 son
707 3541 851 3596 sentiment
928 3557 988 3591 seo.
1002 3540 1067 3590 Min.
1082 3539 1126 3588 ad.
1148 3538 1202 3588 mir.
1224 3535 1294 3590 Satis
1317 3554 1410 3591 amare

337 3637 398 3672 saus
415 3621 529 3674 reses-re.
549 3619 728 3693 Ellepouveit
741 3619 849 3675 induite
892 3616 957 3671 dicit
965 3618 994 3670 in
1004 3633 1130 3672 morem:
1145 3617 1226 3670 simul
1237 3627 1347 3670 excuset
1358 3635 1411 3670 nu·

338 3717 371 3752 en
387 3717 506 3754 errem.»
891 3716 973 3761 rum,
998 3713 1057 3769 ques
1078 3695 1166 3750 oderit
1189 3696 1270 3750 telem
1291 3714 1410 3750 socrum.
1460 3731 1464 3740 ·

375 3775 848 3850 214.Lapidem,signifioetstupidum
892 3781 985 3830 Dona.

337 3856 474 3911 hominem
487 3869 513 3911 et
523 3856 647 3911 bardum
929 3847 1410 3927 aar.Ssiinoncr.adee.Snpp.edeo

375 3935 434 3990 215.
448 3940 555 3989 Nescire.
570 3935 602 3989 C.
620 3933 654 3988 G.
667 3954 704 3987 m.
717 3933 792 3988 addit
800 3956 847 3988 sne.
892 3935 1067 4008 magnamtui
1077 3935 1169 3988 odium
1180 3935 1254 3989 illem
1266 3933 1408 4000 invasisse,

339 4045 375 4055 -
387 4019 447 4067 nuri
460 4036 511 4067 esse
527 4019 611 4068 crebro
627 4017 702 4068 soleo.
717 4015 849 4070 Convenit
892 4027 930 4080 ut,
944 4027 995 4068 etc.
1004 4021 1167 4080 -Domuns,
1180 4013 1317 4067 familiam.

339 4111 400 4146 cum
418 4095 562 4166 superiori,
581 4115 621 4145 rus
637 4097 732 4146 abdidit
746 4115 787 4160 se,
807 4114 847 4150 vs.
929 4113 987 4148 sea.
1006 4097 1080 4164 Quod
1090 4098 1112 4146 si
1124 4097 1237 4155 scissem,
1252 4105 1302 4147 etc.
1322 4092 1410 4147 senili

341 4174 441 4243 175.-
452 4176 561 4242 Nescire,
573 4173 666 4247 supple
677 4194 725 4227 me.
894 4173 996 4246 jurgio,
1012 4192 1065 4246 quo
1083 4174 1168 4246 magis
1182 4173 1305 4246 iniquam
1324 4172 1409 4227 nurui
