3064 5180
329 553 558 624 nectet.
589 556 697 624 ter.
727 555 882 641 11‚se.
911 556 938 620 1.
1009 613 1010 616 γ
1102 550 1173 625 155
1215 527 1221 532 ’

122 695 169 762 So.
179 691 229 758 tte
242 684 420 758 miseram!
440 712 514 783 quae
528 711 633 775 nunc,
648 686 865 782 quamobrem
885 710 1036 774 accuser,
1050 689 1175 757 nescio.
1237 770 1240 774 Ι

263 798 329 864 LA.
351 791 460 864 Hem!
1139 809 1175 847 ²⁰⁵

122 908 163 972 Tu
179 901 309 972 nescis?
323 903 382 971 So.
402 903 454 970 lte
471 925 525 970 me
547 901 593 970 Di
612 914 740 988 ament,
759 901 804 968 mi
825 895 976 969 Laches!

122 1015 221 1104 itaque
246 1033 314 1077 una
336 1011 423 1077 inter
446 1033 507 1078 nos
530 1031 628 1104 agere
650 1021 778 1078 aetatem
801 1004 905 1076 liceat.
935 1009 997 1074 Le.
1024 1005 1070 1075 Di
1091 1006 1175 1076 mala

262 1115 463 1210 prohibeant
477 1100 486 1180 i

120 1224 167 1292 So.
183 1223 304 1316 Meque
318 1220 421 1291 abste
437 1223 602 1292 immerito
622 1245 692 1291 esse
712 1233 911 1302 accusatam,
926 1219 1109 1314 postmodo
1124 1245 1174 1289 re-

263 1329 391 1398 scisces.
410 1331 475 1398 Lr.
492 1329 578 1398 Scio.

118 1435 159 1502 Te
174 1436 337 1504 immerito
353 1431 368 1503 i
387 1457 430 1503 en
443 1434 623 1529 quidquam
640 1459 702 1527 pro
716 1435 784 1503 istis
800 1432 895 1502 fectis
910 1432 1049 1528 dignum
1066 1446 1099 1502 te
1110 1433 1175 1525 dici

308 1555 374 1611 teet

116 1647 192 1736 Quae
203 1565 344 1717 meldim
355 1593 556 1718 ct’samiliam
569 1646 767 1731 dedecoras,
784 1644 853 1714 filio
865 1645 991 1714 luctum
1005 1643 1122 1738 paras?
1136 1684 1174 1710 tto

114 1756 325 1838 Tumautem,
345 1777 387 1822 ex
398 1755 510 1823 amicis
521 1754 643 1823 inimici
653 1769 690 1822 ut
703 1755 769 1822 sint
784 1753 879 1822 nobis
894 1748 1039 1835 adfines,
1054 1751 1145 1820 facis.

115 1860 174 1948 Qui
184 1857 272 1930 iilum
279 1861 458 1930 decrerunt
469 1860 622 1956 dignum,
634 1885 710 1930 suos
720 1861 772 1928 cui
782 1856 905 1929 liberos
915 1859 1171 1930 committerent.

113 1965 236 2035 Tuscia
250 1993 404 2055 exorere,
423 1993 495 2061 quae
509 1967 682 2062 perturbes
695 1968 784 2052 baee,
804 1981 861 2034 tua
876 1965 1090 2060 impudentia.

143 2102 191 2150 206
203 2119 241 2172 sq.
249 2105 289 2152 Ita
303 2121 354 2163 me,
365 2110 414 2154 etc.
424 2097 504 2170 Vuig.
513 2102 549 2150 ita
563 2119 612 2150 non
656 2097 730 2150 nulla
740 2097 1012 2168 reprehensionemtis
1018 2099 1172 2168 exaggerari

111 2197 154 2228 ne.
165 2177 239 2244 Quod
254 2181 345 2234 Weet.
357 2179 387 2230 in
406 2177 458 2231 suis
476 2179 538 2230 Mss.
558 2195 612 2232 non
656 2190 784 2249 possunt:
803 2195 862 2248 que
880 2181 986 2228 dedecus
1004 2189 1029 2228 et
1040 2181 1130 2228 luctum
1140 2179 1166 2230 in

111 2256 180 2310 vidit.
190 2289 224 2302 -
241 2264 283 2310 Ita
299 2278 338 2310 mc
354 2259 391 2309 Di
397 2277 446 2308 cm.
458 2263 532 2310 Loci.
549 2264 612 2324 itaq.
657 2275 762 2310 omnem
773 2255 897 2308 familiam
907 2256 1023 2308 inferunt
1034 2278 1040 2319 ;
1052 2275 1111 2328 que
1119 2259 1167 2308 ini-

110 2357 167 2398 ima,
187 2350 233 2392 etc.
248 2337 337 2390 Velim
356 2350 410 2390 tam
432 2337 613 2389 indubitanter
657 2339 760 2388 micitias
782 2337 811 2388 in
833 2337 925 2390 affines
944 2349 1085 2409 spargunt3
1110 2357 1168 2408 quer

111 2431 270 2471 metmctcm
283 2436 300 2471 ,a
314 2417 384 2482 Diis,
403 2428 493 2470 ettam
508 2415 613 2470 induhi-
657 2433 731 2468 sacra
755 2415 955 2470 necessitudinis
966 2428 1095 2489 exoptctae
1112 2419 1168 2470 vio-

111 2509 188 2550 tenter
206 2517 254 2550 noe
272 2509 374 2552 etatem
395 2495 527 2569 placidam
543 2497 612 2550 inter
657 2493 712 2547 lent
729 2513 760 2548 nc
773 2496 1092 2567 perturbentconsidem
1115 2497 1168 2548 ein·

111 2594 153 2629 noe
168 2589 271 2631 acturos
283 2616 291 2642 ‚
303 2596 385 2650 quam
405 2595 498 2630 verum
518 2588 557 2629 est
569 2595 612 2630 me
655 2575 822 2646 gebreche,
837 2590 863 2629 et
875 2575 997 2648 exquire,
1008 2577 1031 2630 ei
1043 2576 1109 2648 quid
1119 2596 1167 2648 po-

111 2656 202 2709 neeeire
210 2655 357 2711 secundum
368 2675 427 2729 que
437 2675 551 2710 accuser.
655 2654 706 2706 tuit
722 2653 908 2726 comprehendi
920 2655 1038 2728 plenius,
1050 2665 1095 2709 aut
1109 2675 1167 2728 gra-

141 2753 197 2806 ²⁰7·
211 2737 323 2788 &mala
332 2741 405 2806 prod.
418 2737 455 2788 Ut
475 2757 527 2790 une
543 2736 612 2790 inter
655 2731 715 2786 vius
726 2733 853 2788 incusari.
868 2739 942 2787 Boeci.

110 2833 150 2866 noe
160 2828 384 2887 agemuetetatem.
394 2816 612 2870 Animadverten·
693 2831 751 2867 210.
764 2819 905 2867 Familiam.
924 2815 984 2868 Lib.
996 2815 1088 2869 Bemb.
1103 2815 1166 2869 add.

110 2893 166 2946 dum
187 2907 225 2948 est
243 2913 333 2949 secum
346 2897 403 2950 bec
423 2897 564 2949 Lachetem
584 2896 612 2949 in
654 2911 759 2947 ornnem.
776 2899 964 2947 -Dedecorac
974 2895 1068 2945 Donat.
1077 2907 1167 2948 monet
1207 2903 1216 2912 ‘

20 2989 24 3000 ·
110 2974 236 3028 iracundia
248 2976 398 3042 mussitare3
410 2995 464 3031 non
478 2975 565 3028 audiri
577 2975 611 3029 ab
655 2977 801 3025 dedecorari
817 2973 891 3046 quod
907 2973 1049 3026 honestum
1073 2987 1112 3026 est
1138 2973 1165 3025 in

110 3073 181 3108 more
193 3055 269 3109 velie.
281 3057 357 3110 Inter
374 3057 523 3110 orationem
540 3056 610 3108 enim
654 3053 761 3114 animo,
780 3057 877 3120 turpari
887 3053 959 3125 quod
972 3053 1114 3106 honestum
1128 3065 1167 3106 est

108 3134 222 3190 Sostrate
230 3147 427 3200 murmuraturt
444 3155 502 3209 que
513 3156 610 3189 conne-
654 3131 820 3204 corporale(
833 3137 937 3186 Emend.
949 3137 1048 3204 Zeno.)

6 3227 7 3232 ’
109 3215 194 3267 ctenda
217 3229 288 3268 eet:
320 3215 420 3280 «Non,
447 3217 483 3268 ite
503 3235 546 3268 me
566 3217 610 3268 Dii
692 3231 751 3264 212.
768 3213 942 3281 Dignum.Sie
956 3211 1024 3266 dixit
1044 3215 1161 3280 dignum,

109 3307 202 3358 ament,
215 3297 253 3348 mi
265 3296 386 3350 Laches:
402 3297 491 3369 itaque
504 3316 557 3349 una
569 3297 608 3350 ῐῃ.
651 3303 684 3358 ¹nt
695 3291 802 3345 bonorit
814 3311 897 3363 genus
913 3293 961 3353 sit,
974 3291 1095 3365 accipere
1104 3311 1165 3346 uxo-

109 3385 197 3427 ternos
207 3393 284 3446 egere
296 3385 398 3428 aetatem
409 3376 609 3450 liceattmeque
653 3391 710 3426 rem
736 3375 871 3427 meruisse.
891 3373 1006 3426 Multum
1031 3385 1166 3436 tonanter,

6 3517 7 3526 ἵ
109 3451 610 3527 absteimrneritoetseaccusetempost·
653 3465 679 3505 et
690 3455 854 3506 accusatorio
866 3453 1051 3525 strepitu,nec
1061 3471 1164 3506 maecu-

110 3531 181 3585 modo
192 3535 325 3587 rescisces.
340 3538 437 3587 »nect
652 3533 735 3586 linum
766 3553 849 3606 genus
870 3553 919 3587 nec
938 3533 1093 3586 femininum
1120 3553 1165 3605 po·

140 3611 194 3664 208.
206 3617 344 3667 Postmodo.
355 3615 397 3666 tl.
406 3617 607 3683 postmodum.-
652 3613 721 3684 suit,
739 3633 789 3666 nec
809 3632 907 3678 unam,
925 3613 971 3666 sed
994 3613 1100 3667 liberos.
1121 3611 1163 3664 Sic

6 3743 8 3766 k
108 3693 283 3747 &iclronice
653 3690 762 3755 Cicero,
779 3693 872 3748 remit.
896 3693 948 3757 IV,
971 3695 1007 3747 5:
1033 3718 1044 3740 ι
1058 3693 1099 3745 En
1120 3699 1162 3749 cui

140 3773 609 3846 209.Teimmeritoi’Supple‚audcme
653 3787 706 3824 tuos
724 3776 810 3825 liberos
824 3774 988 3837 committas,
1006 3799 1019 3818 n
1033 3789 1116 3844 quum
1127 3771 1163 3826 de

6 3873 8 3920 ς
108 3855 244 3902 contendere
261 3855 377 3904 accusari
397 3867 419 3904 tc
441 3857 553 3905 imm.'—
569 3860 607 3904 An
653 3866 822 3925 ttnoageret;
841 3864 866 3906 et
880 3881 892 3901 a
905 3853 1033 3906 babemus
1048 3853 1160 3904 enimit'-

108 3933 232 3998 quidquam
242 3953 289 4000 pro
310 3934 377 3996 istis,
392 3945 441 3986 etc.
456 3931 525 3986 Nota
545 3935 607 4004 etp·
651 3937 727 3994 bcms,
740 3960 752 3978 υ
765 3932 799 3985 de
807 3933 906 4004 puella.
921 3939 985 3984 Don.

108 4021 295 4083 tm·tp0etae,et
305 4011 436 4072 δεινότητα
448 4011 606 4085 inungendo
687 4013 745 4065 ²13.
768 4017 884 4064 Exorere.
897 4014 962 4065 Ver.
987 4010 1058 4083 apud
1074 4009 1162 4064 West.

108 4091 345 4165 amplificandoque.
353 4093 460 4148 Crimen
470 4105 537 4146 erat:
550 4094 603 4146 «oi-
650 4089 801 4159 ccdorrerc,
820 4113 955 4155 exorrere,
973 4095 1115 4143 exhortore.
1127 4119 1160 4128 ·—

90 4169 204 4224 'iendisti
216 4191 324 4236 nurum,
342 4185 420 4245 atque
434 4174 555 4226 utnbiret
569 4174 604 4225 ef·
651 4177 812 4242 impudentia.
827 4173 901 4226 Bent.
916 4171 1160 4241 impartiendo-Tu

109 4251 192 4303 iecisti.
205 4278 216 4298 n
237 4251 299 4305 Haec
313 4267 371 4306 tunt
387 4257 453 4308 secte
466 4253 530 4318 ista,
548 4271 606 4324 quoe
650 4258 704 4304 solo
715 4273 826 4316 exorere,
839 4271 887 4323 pro
901 4251 1049 4320 emergetis,
1059 4265 1160 4320 repere·
