3016 5182
368 569 443 664 ²98
583 571 763 639 PUBLII
791 572 1051 642 TERENTII
1078 574 1205 645 AFRI

367 702 515 772 Vixdum
536 701 709 774 dimidium
731 704 895 792 dixeram,
910 701 1124 776 intellexerat.

367 808 560 897 Gaudebat,
583 833 635 880 me
658 809 832 900 laudabat,
853 813 1022 906 quaerebat
1039 837 1173 901 senem,

367 917 428 985 Dis
451 919 573 1012 gratias
586 917 867 1014 agebat‚tempus
889 919 950 990 sibi
971 919 1062 1005 dari,
1402 947 1439 998 ⁵⁹⁵

367 1024 436 1091 Ubi
453 1023 612 1093 Phaedriae
632 1025 822 1097 ostenderet
843 1025 1058 1096 nihilominus

367 1132 521 1201 Amicum
535 1156 570 1200 se
583 1156 671 1219 esse,
693 1157 793 1227 quam
809 1134 1014 1228 Antiphoni:
1032 1133 1203 1204 hominem
1222 1133 1265 1203 ad
1284 1135 1395 1206 forum

366 1239 453 1307 Jussi
472 1240 617 1333 opperiri
637 1262 728 1334 :ego
749 1265 802 1309 me
822 1265 894 1309 esse
914 1240 1137 1310 adducturum
1157 1266 1278 1310 senem.

364 1344 430 1413 Sed
443 1368 561 1413 eccum
576 1343 701 1441 ipsum!
724 1347 797 1441 quis
812 1361 862 1416 est
876 1345 1039 1417 ulterior?
1056 1362 1091 1417 at
1101 1360 1153 1430 at,
1173 1336 1333 1418 Phaed'riae

363 1453 461 1520 Pater
480 1453 596 1520 veuit:
617 1451 675 1521 sed
693 1452 773 1547 quid
793 1455 949 1547 pertimui
967 1451 1104 1524 autem?
1120 1451 1250 1524 bellua!
1401 1479 1439 1517 ⁶..

364 1559 418 1625 An
433 1558 527 1651 quia,
540 1582 623 1651 quos
644 1557 772 1643 fallam,
792 1584 855 1654 pro
872 1551 942 1630 uno
954 1560 1022 1631 duo
1037 1574 1116 1631 sunt
1136 1562 1219 1631 mihi
1239 1559 1334 1630 dati?

364 1663 584 1734 Commodius
604 1689 675 1734 esse
696 1668 816 1761 opinor
834 1666 959 1762 duplici
981 1692 1039 1761 spe
1060 1667 1156 1738 utier.

365 1772 479 1839 Petam
501 1771 579 1840 hinc
600 1770 689 1840 unde
708 1797 728 1840 a
747 1774 856 1867 primo
876 1775 1002 1843 institui
1023 1800 1030 1842 :
1056 1775 1082 1844 is
1110 1775 1137 1843 si
1158 1774 1234 1861 dat,
1257 1788 1309 1844 sat
1326 1789 1391 1862 est;

367 1949 506 2001 inventum
515 1947 596 2000 fuisse
605 1960 737 2002 monstrat
746 1949 828 2002 series
840 1967 880 2002 ar·
925 1971 952 2002 se
964 1949 1109 2004 collocate
1126 1947 1188 2003 cod.
1208 1949 1276 2021 aeg.
1296 1951 1350 2004 buc
1364 1949 1439 2003 redu·

365 2028 484 2100 gementi
494 2026 577 2092 ;unde
584 2039 660 2080 antea
667 2028 724 2101 ipre
732 2029 882 2083 euoinven·
925 2030 1099 2101 ctumvulgo
1109 2029 1293 2103 poniturpoat
1305 2033 1439 2095 Pboedriae,

366 2121 394 2162 ιο
409 2107 588 2179 gloriabatur,
603 2127 641 2162 ve.
655 2109 707 2172 554
720 2129 727 2162 :
741 2133 754 2154 ι
765 2108 880 2174 Quor-o:
925 2127 964 2162 ve.
979 2109 1038 2178 596.

366 2187 454 2242 salvus
465 2201 518 2252 εει,
531 2199 562 2240 ιιι
577 2188 682 2259 opinor.
694 2214 706 2234 ι
723 2189 784 2240 Jam
796 2189 882 2242 babeo
962 2189 1023 2258 598.
1034 2191 1110 2241 Jussi.
1124 2189 1182 2241 Ien.
1190 2191 1271 2256 jussu.
1289 2215 1323 2225 -
1337 2193 1393 2257 Ego
1403 2207 1440 2240 me

364 2259 493 2341 optimam
520 2267 651 2321 rationem
667 2267 783 2341 juvandi
803 2268 881 2322 Phe·
924 2287 972 2321 ess.
988 2273 1050 2321 add.
1064 2267 1184 2321 Subaudi
1195 2307 1203 2334 ,
1214 2267 1349 2322 dicebam.

365 2348 442 2413 duim
456 2358 483 2402 et
495 2351 664 2400 Phonnionem
678 2352 818 2417 aaeiJ'utorem
831 2347 881 2403 eibi
961 2347 1021 2418 599.
1030 2350 1141 2402 Ulterior.
1152 2347 1351 2422 Guy.interior,·
1361 2347 1439 2400 nimie

366 2431 426 2480 dari
437 2427 565 2491 subinde,
577 2446 616 2480 ve.
634 2429 694 2495 559,
711 2427 835 2500 petierat:
848 2446 881 2480 ex
924 2441 1025 2500 argute.
1037 2457 1070 2467 -
1081 2431 1141 2496 Quis
1151 2431 1238 2480 estate.
1246 2427 1299 2482 boc
1312 2439 1366 2491 eet,
1379 2427 1439 2499 quia

366 2527 421 2580 qno
440 2507 503 2560 satie
527 2518 653 2581 apparet,
677 2507 750 2560 Geta
770 2507 880 2561 attribui
923 2519 962 2562 eat
973 2519 1069 2580 proter
1081 2524 1142 2560 eum
1158 2507 1202 2560 ille
1220 2509 1295 2561 alter.
1307 2537 1341 2550 -
1354 2512 1390 2559 Ae
1403 2521 1440 2572 at,

366 2597 558 2650 commentum,
569 2604 624 2658 quo
634 2586 763 2640 Phormio
774 2586 809 2640 de
818 2585 880 2641 dote
922 2606 975 2642 vox
985 2588 1209 2660 pertimescentis.
1403 2580 1407 2586 ¹

367 2685 429 2721 curn
459 2665 566 2721 eenibna
589 2664 699 2720 deberet
726 2667 880 2738 transigere.
959 2671 1019 2722 600.
1032 2672 1120 2720 Bellon
1129 2674 1140 2718 ι
1149 2668 1180 2722 C.
1196 2671 1227 2720 G.
1239 2685 1278 2719 m.
1292 2666 1438 2720 etuniu-

370 2751 471 2798 Boecler.
923 2752 982 2810 lea,
999 2766 1047 2818 per
1064 2765 1149 2802 unum
1165 2752 1184 2801 1.
1198 2778 1234 2788 -
1251 2748 1341 2799 rtaed.
1356 2751 1439 2804 Pater,

403 2825 462 2897 593.
475 2829 583 2879 Viaediun
600 2829 660 2879 dim.
682 2837 733 2880 etc.
749 2828 782 2880 In
796 2827 880 2880 Phor·
920 2827 982 2882 ¹scil.
996 2828 1276 2892 Chremen—Bellon,
1289 2825 1439 2881 convicium

366 2907 456 2960 mione
474 2905 554 2978 igitur
576 2924 684 2971 rerum,
706 2905 779 2977 qnod
800 2923 881 2978 supra
923 2908 952 2960 in
962 2925 1007 2971 ce;
1021 2907 1090 2961 sieut
1102 2907 1164 2978 gall.
1176 2906 1309 2960 dicimur:
1324 2905 1440 2959 «Grosee

367 2987 471 3041 dicebat
483 2985 615 3060 Antipho,
627 2989 718 3038 dicaam
731 2988 838 3056 sapienti
844 3000 884 3038 sat
923 2989 984 3041 bete
995 3005 1048 3060 que
1058 2991 1086 3061 je
1096 2987 1167 3041 auio!
1182 3011 1195 3032 υ

367 3081 411 3128 ese,
423 3085 460 3119 va.
472 3067 532 3129 540.
960 3073 1022 3122 dor.
1039 3075 1082 3120 An
1104 3069 1181 3136 quia,
1196 3085 1257 3136 quos
1263 3066 1375 3133 sallone,
1390 3077 1439 3118 etc.

404 3146 464 3215 594.
473 3150 652 3211 eroememm.
660 3146 815 3211 Quaerebat,
827 3146 882 3199 ubi·
924 3147 1029 3202 Ordine
1044 3165 1076 3201 ac
1089 3145 1204 3218 supple:
1221 3172 1234 3192 α
1247 3151 1288 3198 An
1297 3155 1405 3216 propter
1414 3144 1440 3197 id

367 3245 429 3280 num
440 3236 508 3279 esset
517 3225 658 3297 Demipho.
925 3230 994 3278 nurui
1010 3231 1089 3295 quia,
1108 3236 1180 3279 ete.»
1194 3255 1229 3266 -·
1249 3232 1298 3277 Pro
1316 3244 1366 3275 uno
1382 3229 1439 3276 duo.

404 3307 464 3376 596.
478 3308 554 3359 uitii.
565 3313 623 3359 Am.
631 3327 692 3370 esse,
703 3328 729 3374 q.
739 3309 881 3375 Antiphoni.
924 3307 1021 3362 Seueue
1041 3307 1126 3378 liquet
1150 3327 1157 3360 :
1181 3331 1195 3352 ι
1208 3304 1231 3359 εἰ
1246 3321 1330 3357 uuum
1351 3302 1441 3357 fallere

368 3388 519 3459 Impletur,
532 3385 606 3459 qnod
623 3385 798 3440 antedictum
814 3397 881 3447 erat,
925 3407 980 3441 non
989 3387 1099 3452 licebit,
1110 3387 1177 3440 alter
1185 3396 1282 3449 restat,
1295 3401 1376 3456 quem
1395 3382 1442 3436 fal·

369 3485 439 3520 vere.
455 3466 526 3521 561:
541 3491 554 3512 α
567 3465 638 3519 εοΙιιε
651 3479 690 3520 εει
700 3466 782 3520 homo
797 3467 883 3520 amico
924 3468 986 3521 lum.
999 3492 1011 3512 ·

367 3547 500 3601 amicue-
517 3546 688 3618 Quamquam
708 3546 780 3600 enim
798 3547 824 3598 in
838 3545 884 3598 tal·
962 3551 1025 3601 σοι.
1039 3549 1134 3598 comm.
1154 3564 1213 3598 esse.
1231 3543 1282 3596 tte.
1301 3542 1391 3596 Grae.
1409 3557 1443 3592 esi

367 3623 680 3696 lendisaliiaquaedatur
697 3643 799 3698 opere,
818 3625 883 3678 ami·
926 3645 975 3698 pro
997 3646 1056 3678 esse.
1083 3625 1163 3679 Hunc
1187 3641 1295 3678 verium
1313 3619 1441 3694 expungit

370 3707 439 3761 citio
446 3705 530 3758 tribui
537 3717 663 3778 nequeat,
671 3705 782 3758 nomine
797 3717 885 3757 tamen
926 3706 1059 3779 Guyetut,
1073 3724 1137 3759 eane
1150 3703 1334 3776 dignissimum
1345 3713 1441 3774 poeta,

372 3798 399 3839 et
412 3783 538 3838 formulae
552 3785 679 3837 officione
695 3784 820 3838 amicitiai
828 3784 886 3836 imi·
929 3803 1011 3858 quem
1027 3796 1053 3837 et
1062 3784 1213 3838 Priscianus
1224 3783 1287 3836 citat
1295 3779 1440 3834 laudatum.

370 3864 810 3935 tatur;commonetquehominee,
820 3863 885 3936 quid
928 3895 963 3908 -
980 3865 1080 3932 Duplici
1094 3884 1137 3931 spe
1150 3868 1219 3916 cuer.
1239 3861 1345 3914 Habere
1357 3859 1442 3922 duos,

369 3947 398 4000 in
412 3946 482 4000 veria
493 3943 591 3996 officiis
605 3943 674 3996 inter
687 3943 785 3998 amicos
798 3944 885 3998 facere
928 3942 1002 3997 unde
1013 3961 1118 4015 operare
1128 3943 1227 4016 pouirn
1244 3960 1289 3995 me
1301 3939 1442 4012 pecuniam

371 4043 422 4098 par
433 4025 477 4078 rit.
491 4029 578 4090 Quam
588 4033 628 4075 eet
640 4021 713 4075 enim
722 4024 826 4095 egregio
839 4022 883 4076 bic
929 4024 1089 4077 ablaturum.

368 4103 512 4175 descriptio
539 4103 659 4174 prompti
687 4103 787 4170 enimi,
807 4115 832 4157 et
855 4106 882 4158 in
963 4103 1024 4156 603.
1035 4109 1061 4154 Is
1074 4107 1103 4154 si.
1116 4103 1159 4156 Al.
1172 4106 1194 4154 si
1202 4105 1381 4162 inderent,
1397 4117 1440 4151 ex-

368 4184 467 4258 quom
484 4182 545 4235 loco
563 4181 665 4253 parati!
677 4186 752 4235 Boeei.
927 4182 1018 4255 periar
1034 4182 1156 4235 obtinere
1166 4179 1315 4253 pecuniam.
1329 4208 1363 4221 -
1377 4181 1443 4230 Hinc

405 4265 464 4334 597.
480 4265 591 4314 Amicum
604 4281 639 4314 se.
659 4263 702 4318 sic
716 4263 790 4317 Bent.
804 4280 882 4334 pron.
928 4265 1007 4329 raude,
1019 4262 1053 4316 nb
1064 4281 1095 4316 eo
1108 4281 1124 4314 a
1138 4279 1200 4334 quo.
1212 4291 1247 4303 ·-·
1258 4268 1282 4314 Α
1290 4262 1383 4330 primo.
1399 4257 1442 4311 Sic
