3026 5184
275 547 500 615 uuonan.
526 545 635 616 nor.
662 549 706 633 ν,
731 547 904 616 sc.1v.·
1042 547 1111 618 πῖ»

78 683 293 773 Antiquamque
312 678 397 747 adeo
417 694 508 748 tuam
531 693 737 748 venustatem
760 680 904 768 obtines,

77 789 115 856 Ut
130 784 280 878 voluptati
300 785 425 870 obitus,
448 807 573 872 sermo,
598 785 761 854 adventus
784 799 881 872 tuus,
903 809 1115 882 quocumque
1182 809 1186 816 ·

210 891 399 978 adveneris,
474 925 475 928 ¹
1078 919 1118 958 ss.

79 1002 191 1091 Semper
211 998 260 1065 sit.
286 1000 368 1066 Bac.
393 1000 443 1065 Ac
465 1013 502 1066 tu
521 1013 650 1067 ecastor
675 1021 802 1066 morem
825 998 997 1093 antiquum
1016 1014 1116 1095 atquc

209 1104 377 1198 ingenium
395 1103 545 1188 obtines,

78 1211 114 1278 Ut
133 1233 211 1277 unus
237 1209 411 1277 hominum
437 1208 540 1279 homo
569 1224 603 1278 te
632 1211 724 1278 vivat
750 1235 913 1304 nusquam
943 1213 1115 1307 quisquam

209 1313 370 1383 blandior.
722 1329 726 1334 '

78 1425 150 1492 Pan.
183 1424 252 1507 Ha,
277 1421 339 1507 ha,
366 1419 425 1507 he,
451 1423 521 1488 tun’
541 1420 587 1490 ml
606 1419 716 1491 istuc?
739 1424 822 1491 Bac.
853 1423 958 1492 Recte
984 1428 1117 1512 amasti,

210 1525 400 1621 Pamphile,
417 1541 561 1596 uxorem¹
574 1542 678 1596 tuam.

79 1633 145 1702 Nam
163 1657 332 1727 nunquam
355 1648 431 1702 ante
458 1633 549 1702 hunc
571 1633 659 1708 diem
682 1631 890 1702 meis'oculis
909 1659 1000 1723 eant,
1027 1639 1118 1730 quod
1162 1689 1164 1698 .

209 1764 357 1826 nossem,
377 1737 537 1808 uideram.

79 1843 257 1915 Perliberalis
282 1847 353 1914 visa
366 1847 417 1914 'st.
448 1847 541 1914 an.
568 1845 633 1914 Dic
660 1868 786 1914 verum.
814 1848 897 1916 Bac.
929 1851 978 1915 Ita
999 1873 1053 1918 me
1075 1850 1121 1920 Di

211 1947 340 2021 amentl
363 1950 548 2046 Pamphile.
1079 1973 1117 2011 ⁸⁶⁵

79 2059 151 2127 Pau.
178 2057 239 2127 Dic
270 2057 334 2142 mi,
351 2058 472 2125 harum
493 2081 605 2125 rerum
626 2056 788 2150 numquid
815 2057 899 2127 dixti
920 2059 989 2152 jam
1017 2061 1123 2154 patri?

209 2167 295 2234 Bac.
314 2162 415 2233 Nihil.
436 2165 527 2234 Pam.
548 2165 665 2256 Neque
683 2187 768 2256 opus
786 2177 853 2246 est;

79 2269 151 2338 Adeo
163 2273 298 2339 mutito:
314 2267 424 2363 placet
442 2293 510 2339 non
522 2268 594 2337 fieri
612 2269 678 2338 hoc
696 2267 809 2338 itidem
828 2271 912 2338 utin
930 2273 1120 2362 comoediis,

8 2516 13 2535 ,
79 2489 122 2538 rra,
134 2471 160 2526 id
170 2472 240 2547 quod
249 2472 316 2527 dicis
329 2490 421 2525 rernm
434 2491 490 2526 esee
502 2471 565 2538 tibi,
609 2472 746 2524 meretrice
764 2474 875 2544 querit,
895 2475 961 2546 quid
982 2475 1016 2530 de
1032 2479 1120 2533 lorma

9 3550 20 3670 l

9 3674 19 4049 t

79 2553 114 2604 tihi
126 2571 174 2606 esse
183 2557 288 2620 volupe,
299 2563 423 2624 arguunt
609 2550 698 2604 uxoria
711 2553 812 2604 sentiat.
822 2553 876 2606 Scit
887 2555 958 2606 enim
968 2555 1039 2608 hanc
1048 2558 1123 2630 jndi-

105 2633 157 2702 859.
170 2630 502 2702 Vennseatem,elegantiem
509 2648 564 2682 mo·
609 2646 668 2682 cem
684 2647 739 2682 esee
752 2631 975 2700 pulchritudinisq
987 2636 1031 2687 vel
1048 2637 1121 2706 quod

79 2729 133 2764 m,
608 2707 722 2774 semina,
738 2711 779 2761 vel
798 2709 871 2782 quod
890 2712 991 2765 emula.
1009 2719 1074 2767 Dan.

106 2791 155 2843 aon
165 2797 201 2853 Ut,
211 2791 249 2843 ita
261 2801 300 2843 ut.
310 2793 449 2842 -Obr'tum
459 2789 528 2842 inter
537 2799 564 2842 et
644 2789 705 2840 866.
716 2793 808 2839 Harum
820 2807 907 2840 rernm.
915 2789 977 2842 Plue
989 2802 1027 2843 est
1038 2791 1065 2842 in
1076 2811 1121 2864 ge-

79 2873 182 2921 admtun
193 2870 245 2922 hoe
258 2869 386 2922 interest:
399 2868 473 2942 qnod
486 2871 563 2920 ouum
608 2877 651 2920 stu
661 2884 741 2938 quam
751 2864 779 2918 in
792 2867 887 2920 verbio.
902 2871 976 2920 West.
987 2899 1022 2910 -
1033 2873 1123 2924 Annu.

79 2961 124 3010 eat,
137 2967 207 3020 quem
219 2967 296 3002 maus
308 2947 389 3001 offert
403 2965 411 3000 :
427 2953 564 3011 aventus,
610 2945 665 2998 lum
680 2944 751 2998 haud
771 2945 853 2998 dubie
864 2944 982 2998 intuetur
995 2947 1023 3001 in
1035 2948 1121 3021 digito

79 3045 142 3099 qoem
149 3028 268 3082 voluntas
276 3037 301 3080 et
311 3025 456 3080 destinatus
464 3027 548 3080 locun.
609 3023 763 3088 Bacchidis,
772 3041 833 3076 cum
849 3042 903 3096 quo
917 3037 1008 3077 cetera
1020 3040 1122 3098 patrem

106 3107 299 3160 ὅθι-Ηοωίηω.
309 3106 356 3159 Fa.
365 3103 407 3157 ed.
415 3107 524 3156 omnium
532 3123 566 3158 ex
608 3099 719 3156 celanda
736 3101 900 3154 recordetur.
925 3131 959 3142 ·-
980 3109 1122 3175 Numquid,

80 3183 116 3235 tta
126 3186 206 3240 llernh.
223 3188 256 3238 ln
271 3184 564 3238 euteriaettlrominmn.
609 3198 674 3234 num
684 3179 797 3252 aliquid.
808 3209 844 3222 -·
859 3185 924 3248 Neq.
936 3199 975 3249 op.
989 3197 1031 3235 est.
1043 3185 1119 3238 Scili-

81 3269 143 3327 -Ur,
155 3265 187 3318 iu
199 3276 237 3318 ut.
609 3273 651 3312 cet
662 3271 689 3313 te
697 3258 845 3331 quidquem
860 3257 959 3312 dicere.

107 3343 157 3398 863,
168 3346 225 3396 Tun’
234 3343 338 3395 mfistuc
345 3351 360 3393 ι’
367 3342 444 3395 Tune
452 3342 500 3395 ieta
509 3353 565 3394 tam
645 3341 706 3410 867.
717 3344 797 3405 Adeo,
806 3351 1018 3410 quapropter-
1026 3347 1124 3398 Μιιτίεο.

82 3422 160 3475 urbana
176 3422 262 3476 dicis?
281 3451 316 3462 -
330 3423 406 3483 Mitti,
423 3423 481 3494 jam
498 3420 565 3478 aliua
609 3417 785 3490 Imperativus
797 3431 837 3472 est
855 3421 954 3482 nautico,
968 3437 1023 3472 non
1041 3425 1124 3491 parti.

10 3518 16 3541 t
82 3503 176 3556 mulieris
184 3501 287 3554 marito.
300 3507 426 3553 -ltecm
438 3502 511 3554 June.
610 3497 723 3570 cipium3
736 3515 799 3569 ergo
812 3516 847 3551 ne
860 3495 1011 3561 audiantur,
1024 3501 1122 3570 quine·

109 3583 159 3646 884.
168 3587 307 3650 Nunquam.
318 3581 370 3634 Atii
379 3601 488 3650 nusq.--
494 3585 567 3648 Quod
610 3577 657 3647 'que
666 3599 726 3646 opus
736 3593 774 3628 est
783 3581 867 3628 mutilo
874 3577 1000 3648 jungunt.
1011 3609 1045 3620 -
1058 3585 1090 3630 Ut
1098 3586 1124 3632 in

83 3660 565 3728 mum.Quodaliesdicitur,quanturn
610 3659 740 3709 commutis.
756 3657 840 3722 Quasi
852 3655 909 3709 haec
922 3655 1050 3709 comoedia
1068 3677 1125 3714 non

84 3741 128 3789 Ιώ.
139 3739 183 3794 sed
194 3741 276 3794 levior
288 3741 436 3794 atticiamus
447 3739 514 3792 adeo
523 3741 565 3799 in·
610 3741 654 3794 eit.
666 3739 773 3792 Constat
782 3740 853 3790 enim
863 3739 890 3789 in
901 3738 1037 3791 cotnoediis
1046 3742 1073 3793 in
1082 3763 1126 3812 po·

85 3833 126 3871 ttae
138 3819 196 3873 hnic
209 3819 394 3874 blandimento
416 3819 566 3873 meretricio
612 3831 707 3872 etrema
719 3829 792 3888 parte
803 3835 927 3887 personne
941 3818 1125 3891 plurimaspo·

86 3895 177 3964 videtur,
185 3899 301 3971 utmegia
311 3899 425 3970 placeat,
439 3902 567 3967 quodme-
591 3899 648 3972 1ιιί.
669 3900 715 3951 Est
737 3909 826 3950 autem
851 3897 990 3950 resvelde
1011 3903 1127 3962 comica,

87 3979 281 4048 mindsem‚quum
295 3982 365 4046 quod
375 3983 467 4030 scirem.
483 3985 549 4030 Don.
613 3977 933 4050 quodincomoediievera
939 3975 1129 4034 dissimuletur.

113 4053 163 4107 8⁶5.
171 4059 327 4110 Perliberalis.
336 4057 401 4110 Fere
412 4057 488 4128 quasi
498 4058 569 4110 dice·
614 4083 626 4103 ι
638 4059 758 4129 Lorsque
776 4056 915 4126 Pamphile
931 4056 1004 4126 parte
1021 4056 1089 4109 ainai
1111 4064 1127 4111 at

87 4133 231 4202 repuens
241 4149 266 4190 et
274 4135 569 4210 honetamaaostpmt.
614 4135 807 4202 Bacchiqeen
816 4135 934 4187 Terence
944 4132 990 4204 qui
997 4137 1130 4207 sejustilie
1157 4185 1163 4212 ,

90 4238 118 4254 ν-
134 4217 171 4263 Dic
191 4235 279 4269 verum.
300 4217 371 4270 Beue
391 4216 518 4270 instanter
539 4233 570 4271 ex
615 4233 679 4270 avec
694 4214 801 4270 adreese
814 4211 957 4286 eupresdu
970 4227 1129 4282 apeotnteur.

156 4327 199 4391 ΙΙ.
934 4381 935 4384 ,
961 4317 1003 4391 15
