3120 5178
391 597 439 670 36
610 593 788 662 runnu
817 565 1072 663 rnnnnru
1099 590 1223 659 tunt

387 733 445 799 Su.
464 729 576 816 Quam
597 721 687 792 remi
704 725 783 812 Quo
807 721 958 792 redeam?
976 724 1044 792 AEs.
1066 725 1184 792 Junme
1202 743 1257 789 me
1275 720 1325 790 vis
1346 719 1458 791 dicere

546 829 579 899 id
596 829 685 924 quod
704 828 746 897 ad
764 844 797 898 te
818 826 961 898 attinet?

388 942 445 1010 Su.
463 939 588 1032 Cupio,
608 937 693 1031 aequi
709 934 810 1006 modo
828 934 960 1030 aliquid.
978 936 1043 1003 AEs.
1057 933 1154 1022 vah,
1169 930 1245 1003 leno
1267 933 1379 1028 iniqua
1401 957 1457 1002 me

545 1067 614 1112 nen
632 1041 705 1111 vult
723 1040 823 1136 loqui.
1523 1038 1527 1044 ’

385 1153 443 1222 Su.
459 1153 552 1218 Leno
565 1171 638 1219 sum
648 1193 659 1235 ‚
671 1148 794 1234 fateor,
804 1148 965 1243 pernicies
977 1147 1161 1216 communis
1176 1142 1454 1233 adolescentium,

387 1256 562 1351 Perjurus,
576 1255 694 1350 pestis3
711 1268 823 1323 tamen
838 1254 898 1322 tibi
914 1277 934 1322 a
947 1277 1001 1322 me
1017 1250 1107 1322 nulla
1123 1251 1164 1322 'st
1180 1266 1254 1321 orta
1271 1252 1400 1346 injuria.
1418 1295 1456 1335 ¹9·

389 1365 456 1434 AEs.
476 1362 565 1432 Nam
585 1359 697 1430 hercle
717 1361 815 1430 etiam
835 1360 901 1428 hoc
921 1373 1031 1430 restat
1052 1361 1110 1429 sn.
1129 1357 1213 1429 Illuc
1233 1383 1344 1454 quaeso
1365 1359 1456 1445 redi,

545 1492 612 1562 quo
631 1466 777 1560 coepisti‚
793 1465 959 1536 AEsehine.

389 1578 457 1645 AES.
482 1574 584 1644 Minis
611 1573 727 1668 viginti
753 1586 792 1640 tu
814 1569 904 1640 illurn
930 1572 1056 1657 emisti3
1080 1594 1154 1666 quae
1182 1595 1234 1640 res
1259 1570 1321 1640 tibi
1344 1585 1458 1641 vortat

546 1675 648 1749 male!

389 1788 526 1882 Argenti
549 1800 679 1854 tantum
697 1783 839 1854 dubitur.
857 1784 913 1854 SA.
929 1781 1043 1873 Quid?
1063 1785 1098 1854 Si
1115 1783 1251 1878 egotibi
1270 1783 1360 1852 iliam
1376 1781 1457 1853 nolo

547 1891 710 1976 vendere,

390 2001 498 2093 Coges
519 1995 592 2066 mei
612 1997 679 2068 AEs.
699 1997 848 2066 Minime.
866 1997 923 2066 Su.
943 1994 1096 2090 Namque
1115 1994 1150 2064 id
1172 1997 1282 2066 metui.
1303 1997 1370 2067 AEs.
1391 1995 1457 2064 Ne·

537 2127 611 2198 que
628 2102 841 2172 vendundum
858 2125 992 2184 cense0‚

390 2212 475 2300 Quae
502 2209 606 2279 libera
636 2207 676 2278 'st
705 2199 721 2277 ι’
741 2233 819 2280 nam
846 2231 908 2304 ego
939 2204 1067 2278 liberali
1098 2205 1186 2278 illam
1219 2232 1330 2277 assero
1357 2230 1458 2276 eausa

549 2339 659 2385 manu.
1419 2343 1459 2396 ¹⁹⁵

434 2509 501 2578 187.
518 2505 594 2575 Quod
613 2506 647 2558 ed
669 2519 691 2560 te
710 2511 805 2560 attinet.
820 2505 903 2572 Quod
947 2506 1141 2572 rum,tnbulnm
1157 2505 1272 2559 Martiali
1287 2517 1383 2559 nostru
1394 2504 1459 2559 edi-

393 2587 442 2640 tibi
455 2584 580 2658 prodesse
592 2583 672 2640 debet
680 2598 706 2640 et
716 2605 772 2641 este
785 2605 904 2640 commo·
948 2587 1029 2639 tionis
1046 2587 1199 2657 subjectum.
1220 2617 1260 2630 -
1282 2585 1345 2654 Once
1361 2605 1397 2637 res
1415 2586 1461 2638 tibi

393 2665 468 2719 dum.
736 2681 739 2690 ‘
947 2678 1032 2718 vortat
1055 2667 1132 2718 mle!
1150 2663 1319 2737 Imprecnudi
1345 2665 1461 2718 formula
1506 2677 1510 2702 ¹

437 2747 501 2800 188.
513 2745 595 2817 AEqni
610 2745 679 2798 noto
694 2747 795 2819 aliquid.
810 2745 852 2800 Sc.
864 2744 906 2798 di·
948 2763 1000 2817 qun
1011 2745 1146 2798 invehitur
1158 2743 1187 2796 in
1197 2743 1364 2817 impudicum
1385 2745 1460 2816 inge·

392 2843 495 2879 enu-
508 2825 581 2889 Vah,
596 2823 806 2896 indignantie.—
825 2826 906 2890 Leno,
948 2843 1008 2877 nuae
1025 2824 1133 2894 virginis
1152 2837 1308 2895 emptorem.

394 2904 532 2976 religiosne
557 2904 666 2957 seilicet!
694 2915 723 2956 et
744 2902 797 2957 hoe
820 2921 906 2956 umere
992 2903 1057 2971 193.
1074 2904 1180 2972 Argenti
1196 2915 1296 2955 tantun.
1310 2902 1460 2958 lindenbr.

396 2982 500 3037 dictum
516 3001 565 3053 per
577 2983 699 3034 ironiam.
894 2984 898 2999 ¹
950 2983 1008 3046 tibi,
1021 2982 1111 3035 neseio
1123 2981 1204 3035 unde.
1215 2983 1330 3035 Peri-
1340 2984 1398 3053 Ego
1417 2981 1463 3036 titt

438 3063 651 3130 189.Lenorurn,
663 3063 905 3131 saepemicieneto.
950 3061 1025 3113 iliam.
1045 3062 1101 3114 Ien.
1120 3059 1180 3114 cod.
1199 3051 1243 3132 eg'o
1265 3061 1347 3127 Mam,
1363 3062 1462 3115 omitto

397 3142 459 3195 Non
473 3140 550 3193 aliter
562 3141 647 3193 Pinut.
661 3138 695 3192 de
710 3141 819 3205 lenone,
833 3140 907 3191 Asin.
951 3141 1003 3194 tibi.
1021 3171 1062 3183 ·-
1085 3141 1205 3206 Tantum,
1218 3140 1392 3196 tantumdem.
1418 3171 1462 3184 -

396 3221 424 3284 1,
442 3237 477 3285 ιι,
489 3218 792 3289 '75eedNotterrersum
806 3218 908 3290 Diphili
953 3215 1042 3289 Quid?
1056 3219 1176 3273 miranti·
1194 3234 1220 3272 et
1239 3218 1409 3292 indignantis.
1421 3249 1463 3267 .-

394 3299 556 3352 trnnstuliene
563 3297 670 3352 videtur
682 3298 768 3350 hunc:
778 3301 831 3352 oin
841 3300 906 3350 [στιν
950 3299 980 3352 st
991 3319 1036 3370 ego
1046 3299 1090 3351 tibi
1099 3299 1166 3351 illam
1176 3301 1350 3355 nannenten.
1360 3299 1464 3353 Nititur

398 3374 454 3431 etit
471 3378 566 3446 τεχνίον
588 3378 742 3449 Ιξυλίστιρον
763 3383 806 3430 τοῦ
822 3397 909 3449 trepto-
948 3381 1023 3451 jure,
1036 3397 1175 3452 quonemo
1184 3380 1288 3451 cogitur
1296 3381 1462 3434 iuvitutretn

397 3457 502 3522 Εόσκου,
516 3459 579 3511 Non
594 3469 634 3508 est
651 3457 705 3510 ullu
725 3476 766 3510 ere
783 3457 909 3529 pestilen·
950 3477 1025 3512 suam
1040 3455 1163 3512 vendere.

397 3537 450 3590 tior
461 3556 542 3609 quam
555 3535 667 3590 lenonie.
688 3537 754 3589 Peri.
771 3567 811 3578 —
828 3537 908 3603 Ortn,
995 3545 1059 3608 194.
1075 3537 1188 3602 Minime,
1203 3538 1318 3609 eipuvtin.
1329 3569 1368 3580 -
1382 3537 1464 3592 Narn-

397 3629 490 3689 coepta.
527 3627 528 3630 ’
952 3617 1285 3691 qneidmetui.Qunsivem
1298 3615 1327 3670 id
1335 3630 1464 3671 metuam.

440 3715 506 3764 191.
517 3697 583 3750 Nurn
595 3696 670 3748 hercle
679 3699 750 3747 etiarn
764 3696 906 3758 haonstat,
951 3697 1066 3768 Εἶρωνιῖᾳ
1081 3696 1180 3768 pariter
1192 3696 1330 3767 respoudit
1345 3697 1464 3762 sannio,

397 3775 455 3830 nub.
465 3787 514 3828 nte
523 3772 683 3828 iaciendum.
695 3776 730 3828 Et
737 3787 775 3828 eet
783 3777 908 3848 tinentiae
952 3789 977 3828 et
988 3775 1097 3846 quidem
1111 3773 1224 3828 ridicule
1234 3775 1262 3828 in
1270 3795 1316 3842 eo,
1326 3774 1400 3846 quod
1408 3778 1464 3848 jam

398 3853 509 3906 dicmm.
524 3885 563 3898 --
577 3854 633 3923 Quo
645 3859 736 3925 coepistt
744 3895 752 3920 ,
764 3875 780 3908 n
791 3873 845 3926 quo
856 3873 909 3908 σω·
950 3857 1039 3908 emisit
1051 3853 1080 3908 id
1095 3855 1130 3908 de
1145 3873 1200 3927 quo
1217 3854 1284 3908 dixit
1296 3873 1324 3909 ee
1336 3856 1395 3926 cogi
1408 3874 1464 3908 nou

396 3932 911 4004 pisti.Referturndsuperine‚ve.187,
951 3953 1035 4007 posse.
1053 3935 1123 3988 Don.

397 4013 464 4083 quod
474 4012 509 4063 ad
525 4025 547 4063 te
563 4015 656 4066 attinet.
670 4014 704 4067 Et
719 4014 787 4066 bene
805 4031 908 4067 memor
996 4013 1060 4084 195.
1074 4017 1159 4090 Neque
1171 4016 1243 4068 vend.
1255 4014 1466 4086 cem.qnoe1ibern

394 4091 453 4147 hue
463 4093 575 4146 servavit
584 4109 678 4146 aterne
691 4093 762 4146 leno.
950 4107 994 4148 est.
1015 4095 1141 4149 Liberum
1162 4094 1299 4148 hominem
1317 4093 1360 4147 vel
1376 4093 1465 4148 civem

440 4190 504 4241 ¹9²·
525 4172 600 4238 Minis
619 4176 718 4243 uiginti.
738 4173 806 4225 Fere
827 4172 907 4226 librae
949 4173 1066 4228 vendere
1079 4174 1180 4246 legibue
1188 4186 1214 4228 et
1224 4177 1423 4239 Romanorum,
1437 4187 1466 4226 et

396 4261 524 4304 trecentas
538 4251 740 4324 quinquaginta.
749 4251 823 4304 vide
832 4264 907 4305 cete·
951 4253 1104 4336 Grueontm
1118 4255 1230 4308 maxime
1245 4254 1410 4325 prohibitum
1422 4271 1465 4305 ee·
