3064 5180
336 455 555 563 innuen.
578 445 688 564 nnn.
716 495 758 578 V,
783 494 850 562 sc.
874 495 903 562 1.
1088 492 1153 563 103
1232 525 1234 530 ·

100 663 1156 694 Ufflfflfflfflmfflmfflmmfflfflfflmffl

302 827 552 934 uerus
589 826 958 961 Quintus.

492 1047 778 1075 4-—

402 1192 609 1282 scuun
640 1135 858 1278 burun.

408 1376 600 1444 SYRUS.
650 1375 853 1442 DEMEA.

101 1551 175 1618 Srn.
189 1503 399 1636 AEneaot.‚
420 1551 564 1644 Syrisce,
584 1564 617 1620 te
637 1551 759 1618 curasti
775 1549 935 1634 molliter,

102 1658 267 1748 Lauteque
282 1681 405 1724 munus
428 1656 662 1725 administrasti
682 1669 787 1724 tuum.

100 1762 167 1830 Abi.
186 1761 251 1830 Sed
269 1777 446 1857 postquam
468 1764 556 1832 intus
577 1787 651 1832 sum
672 1763 821 1834 omnium
841 1787 952 1830 rerum
973 1775 1079 1848 satur,

103 1867 375 1936 Prodeambulare
389 1868 457 1937 huc
475 1866 603 1938 libitum
621 1882 678 1936 est.
698 1870 765 1938 Du.
788 1866 872 1936 Illuc
890 1869 932 1936 sis
950 1866 1026 1937 vide
1054 1885 1056 1890 '
1121 1903 1159 1943 ῃ·
1177 1893 1180 1900 ’

102 1972 295 2068 Exemplum
310 1973 499 2068 disciplinae.
517 1977 597 2046 Srn.
619 1975 707 2049 Ecce
730 1974 840 2047 autem
860 1975 916 2042 bie
937 1973 1031 2050 adest
1224 1997 1225 2000 ¹

103 2082 205 2156 Senex
220 2095 343 2150 noster.
361 2081 452 2170 Quid
464 2081 501 2150 fit
511 2075 525 2144 l
536 2080 617 2175 quid
631 2096 668 2150 tu
681 2106 717 2158 es
730 2073 853 2156 tristis?
866 2083 932 2153 Du.
947 2079 1023 2168 oh,
1036 2073 1158 2150 scelus!

132 2273 171 2328 sc.
182 2274 205 2325 1.
217 2273 277 2346 Bip.
292 2272 337 2325 bic
351 2273 432 2326 babet
443 2284 494 2326 act.
506 2273 558 2338 IV,
568 2292 604 2328 sc.
647 2294 709 2346 pro,
726 2279 775 2336 ἄη
788 2286 818 2330 ut
836 2275 950 2329 molliter
961 2291 1035 2326 sensa
1048 2273 1163 2346 explicet

104 2371 141 2416 ¹¹3
154 2351 233 2404 noth.
247 2363 299 2404 act.
313 2351 369 2413 IV,
383 2353 426 2406 Sc.
440 2367 502 2404 vnt.
512 2383 547 2393 -
556 2351 608 2404 Hic
652 2366 731 2426 atque
749 2353 879 2407 ostendat.
902 2355 993 2407 Perler.
1010 2383 1044 2394 -
1059 2356 1161 2405 Libitum

104 2431 248 2502 exemplum
267 2429 405 2484 inducitur
426 2431 538 2484 licentiae
556 2449 609 2485 ser-
652 2447 696 2484 est.
712 2434 759 2487 Est
771 2433 885 2486 bominis
901 2433 981 2504 genio
997 2431 1107 2500 omnino
1118 2432 1159 2484 iss·

103 2529 190 2563 rorum
202 2511 254 2562 sub
268 2511 326 2563 miti
338 2510 458 2563 domino.
473 2517 538 2562 Dos.
653 2511 795 2582 dulgentia.
810 2543 845 2553 —
863 2517 940 2575 Illuc,
954 2531 1004 2585 pro
1019 2515 1089 2564 illud.
1107 2513 1159 2564 Lo·

135 2588 610 2660 767..57n'm.bdblanditureibima·
653 2591 744 2663 quitur
763 2589 861 2646 Demea
879 2591 966 2643 visum
984 2591 1089 2642 intuens
1112 2589 1161 2661 sy-

104 2667 177 2721 didus
195 2687 307 2734 sersus,
324 2667 480 2722 diminutiva
498 2669 539 2720 sui
563 2687 610 2721 uo·
652 2687 721 2722 rum.
737 2699 773 2710 -
787 2675 840 2735 Sis,
862 2669 884 2721 si
902 2669 951 2722 vis.
977 2699 1005 2712 -
1029 2672 1099 2721 Vide.
1120 2670 1161 2721 lta

104 2747 179 2800 uinis
196 2747 328 2799 formula.
350 2777 385 2789 ·-
409 2751 463 2809 Te,
489 2759 609 2802 ventrem
653 2749 738 2802 solent
752 2749 954 2802 stomachantes.
970 2747 1033 2800 Vid.
1050 2747 1159 2800 Phorm.

105 2829 349 2892 παι-Μίτυν,
359 2823 479 2879 delicate.
654 2829 714 2882 358.
725 2833 790 2880 Peri.

138 2909 197 2972 568.
215 2913 308 2958 Munus
320 2921 402 2969 uuam,
415 2905 512 2960 edendi
529 2917 556 2958 st
570 2906 611 2958 bi·
689 2925 749 2978 77¹·
763 2911 850 2959 Adest.
867 2905 955 2958 Varist
968 2905 1046 2958 series
1056 2906 1162 2960 verbor.

106 2986 202 3050 tadi,
225 2998 255 3039 ut
277 2985 328 3039 sibi
348 2986 480 3058 pollicitus
507 2986 607 3046 fuerat,
653 2987 683 3040 in
694 2987 747 3039 boc
758 3005 845 3039 versu.
858 2985 969 3038 Plurimi
981 2985 1053 3036 enim
1064 2984 1162 3038 finiunt

107 3071 169 3134 592,
184 3068 245 3134 593.
655 3086 686 3120 ex
705 3067 796 3118 Bemb.
813 3067 841 3118 in
863 3069 941 3116 adest.
966 3063 1018 3116 stit
1038 3065 1066 3117 in
1085 3083 1162 3118 sense

138 3149 337 3216 709.dedpvstq.
348 3143 609 3211 Bothaicpossquam.
656 3165 723 3200 vers.
743 3157 860 3217 sequent.
877 3173 913 3186 -··
931 3149 1078 3214 Exemplum
1090 3147 1163 3197 dasci-

108 3255 140 3264 -
158 3227 212 3275 Ati.
229 3224 288 3275 Hoc
305 3223 417 3276 verbum
440 3240 496 3275 esse
516 3224 608 3274 Donat.
651 3229 745 3292 plina,
756 3224 865 3296 supple,
878 3224 1022 3290 herorum
1036 3227 1054 3277 i.
1066 3244 1090 3277 e.
1104 3223 1163 3276 ride

107 3303 211 3374 exponit
222 3302 264 3355 vel
274 3302 323 3354 sibi
335 3303 378 3356 vel
390 3301 465 3354 alteri
477 3319 539 3355 curu
554 3302 611 3354 lau·
654 3316 759 3357 servum
767 3303 838 3356 bunc
848 3304 962 3365 ebrium,
974 3305 1018 3375 qui
1028 3303 1171 3376 specimen·

1 3417 2 3444 p
108 3380 210 3434 datione
221 3380 390 3435 blandientis.
406 3411 441 3422 -
455 3387 534 3431 latus.
553 3380 611 3433 lloc
655 3384 788 3456 egregium
803 3383 885 3436 otton
897 3381 1042 3454 discipline
1053 3383 1163 3454 vigentis

1 3451 2 3510 l
108 3463 211 3514 adverb.
233 3481 282 3533 pro
299 3463 394 3515 vernili
413 3480 534 3516 sermone
555 3473 610 3525 est,
655 3461 726 3534 apud
743 3463 822 3515 beros
841 3463 937 3532 quibus
955 3462 1106 3514 famulatur.
1127 3493 1163 3506 -ν

109 3541 142 3594 ad
151 3542 330 3614 plenissimam
343 3542 531 3596 saturationem
544 3540 612 3592 indi·
656 3541 744 3594 Minus
764 3554 825 3612 apte
841 3541 957 3593 creditur
980 3542 1060 3594 alludi
1081 3540 1115 3595 ad
1136 3541 1164 3595 id

1 3615 2 3654 ἶ
110 3621 323 3674 mademarius.
657 3619 729 3692 quod
745 3619 814 3672 infra
828 3633 919 3692 patet,
931 3637 967 3672 rs.
985 3625 1047 3689 967,
1065 3621 1162 3694 Syrum

145 3719 202 3772 77⁰·
220 3705 434 3754 Prodeambulare
456 3701 519 3752 Mes.
545 3701 610 3754 We.
657 3700 736 3754 luisse
752 3699 928 3771 pedagogum
946 3699 1055 3754 fratrom
1070 3701 1164 3754 ambo-

110 3799 178 3847 μην
187 3783 280 3832 deant.
292 3781 357 3834 Bru.
368 3781 399 3833 C.
411 3798 435 3832 e.
447 3777 612 3848 disjunctim,
656 3799 715 3832 rum
728 3781 788 3853 Syri
799 3793 825 3832 et
835 3779 963 3832 AEscbini.

110 3880 152 3926 pro
165 3859 346 3928 (exclamatio)
366 3863 462 3910 deamb.
479 3857 511 3910 It.
531 3857 562 3910 C.
578 3857 611 3909 G.
693 3879 750 3930 77²·
770 3864 823 3920 ot,
843 3863 941 3910 soclus!
957 3859 1021 3923 alii,
1041 3863 1103 3911 obs!
1121 3859 1166 3911 alii

114 3957 146 3990 m.
155 3943 224 4005 prol.
235 3969 267 3979 -
278 3944 347 3992 Illuc.
358 3939 389 3990 L.
405 3937 487 4008 antiq.
501 3941 613 3989 illud.-
657 3943 711 3990 ebo.
722 3969 757 3980 —-
770 3945 849 3991 Senex
862 3953 952 3991 nester.
970 3939 1072 4001 Innuit,
1086 3957 1166 4010 quem

116 4023 318 4072 Prcdcwnbulare.
329 4019 509 4071 Delicatorum
520 4029 572 4082 est,
585 4029 614 4070 ut
658 4029 710 4071 tam
720 4019 808 4090 lepide
817 4019 967 4072 lusimus.-
973 4021 1040 4087 Quid
1038 4021 1089 4089 fit?
1100 4019 1168 4084 quid,

116 4097 148 4149 sit
158 4100 244 4155 Wett.
262 4099 303 4151 En
317 4117 381 4150 vero
400 4097 508 4153 delicias
524 4097 593 4151 servi
607 4135 614 4162 ,
656 4110 705 4150 etc.
722 4098 792 4151 Mire
806 4098 971 4152 securitatem
985 4097 1051 4150 ebrii
1063 4113 1167 4166 capres-

114 4177 152 4228 eui
165 4180 267 4248 gmnina
276 4197 345 4250 opus
360 4189 399 4232 est
409 4177 615 4250 prepositiones,
656 4177 698 4229 sit.
715 4182 806 4230 Donat.

1001 4265 1013 4308 4

972 4302 990 4370 7
