3064 5180
356 483 550 582 necin.
577 513 809 584 pannon.
832 516 886 584 11.

100 650 142 718 Ab
157 648 277 732 studio,
294 663 395 742 atque
414 647 457 716 ab
475 645 605 732 labore,
616 661 727 740 'atque
742 663 813 716 arte
834 649 970 718 musica.

100 755 184 845 Quod
199 756 224 824 si
240 757 440 851 scriptorem
459 754 657 848 sprevissem
676 754 711 822 in
728 755 919 849 praesentia,

99 864 176 931 Etin
194 861 397 931 deterrendo
419 859 599 930 voluissem
622 884 758 955 operam
782 885 933 950 sumere,

99 971 138 1038 Ut
150 969 181 1036 in
197 970 266 1038 otio
281 982 369 1038 esset
391 968 501 1062 potius
522 990 624 1060 qnam
640 969 675 1035 in
691 969 848 1062 negoti03

98 1078 327 1146 Deterruissem
344 1072 455 1159 facile,
475 1099 518 1142 ne
540 1071 621 1142 alias
641 1073 809 1160 scriberet.

97 1185 181 1252 Nunc
190 1183 271 1278 quid
286 1197 420 1278 petam,
437 1205 512 1250 mea
527 1203 628 1250 causa
643 1205 737 1274 aequo
752 1182 865 1262 animo
881 1182 1050 1252 attendite.

97 1292 243 1382 Hecyram
264 1290 310 1358 ad
333 1314 393 1358 vos
411 1287 536 1374 refero,
552 1310 653 1380 quam
667 1289 750 1357 mihi
764 1313 826 1382 per
843 1285 1008 1358 silentium

96 1396 259 1491 Nunquam
273 1419 375 1492 agere
389 1393 517 1464 licitum
531 1407 598 1479 est.;
613 1394 658 1462 ita
672 1418 746 1463 eam
760 1396 924 1490 oppressit
937 1393 1114 1466 calamitas.
1131 1427 1162 1466 s..

96 1506 165 1572 Eam
186 1503 412 1572 calamitatem
430 1516 541 1576 vestra
560 1499 776 1595 intelligentia

96 1611 231 1697 Sedabit,
257 1612 286 1680 si
307 1612 372 1678 crit
387 1605 531 1703 adjutrix
546 1621 668 1675 nostrae
685 1607 863 1677 industriae.

10 1713 11 1742 ³
96 1718 193 1807 Quum
208 1719 360 1813 primum
383 1740 455 1785 eam
472 1738 570 1810 agere
585 1715 688 1808 coepi,
711 1714 862 1811 pugilum
877 1713 999 1810 gloria,

1089 512 1154 609 137

123 1840 252 1907 23.Atqac
274 1853 331 1891 arte
354 1859 417 1890 mus.
441 1837 511 1908 Atiq.
527 1837 594 1909 libb.
638 1839 1159 1895 scriberet—Deterruissem.Avertissem.

95 1932 156 1986 ntqne
168 1924 198 1970 ab
212 1935 266 1971 arte
284 1939 349 1972 mus.
363 1922 448 1970 -Ab
461 1921 528 1968 send.
542 1932 595 1984 atq.
675 1918 718 1970 28.
732 1923 815 1985 AEqno
827 1921 917 1969 animo.
932 1918 1009 1971 Botln
1021 1923 1098 1973 anim.
1106 1941 1156 1987 ceq.

96 2001 167 2051 nint.
177 2015 227 2068 aeq.
236 2013 293 2050 arcs
303 2019 368 2052 mas.
378 1998 442 2051 Tria
452 1995 596 2052 laudantur
638 2027 674 2037 -
685 2003 745 2050 Mea
753 2017 841 2061 cansa,
852 1997 905 2048 mei
916 1998 1007 2069 gratia.
1019 2029 1055 2038 —
1063 2003 1154 2066 AEquo,

10 2065 11 2126 Ϊ
95 2077 210 2150 inposta,
221 2081 349 2140 studium,
361 2078 418 2130 scil.
428 2076 527 2148 ingenii
537 2096 595 2146 pro·
639 2077 745 2131 serente
758 2087 784 2130 et
797 2075 910 2147 placido.

95 2158 189 2227 morio,
206 2162 288 2224 labor,
300 2157 360 2210 scil.
374 2157 541 2218 exercitatio,
553 2176 594 2206 ars
676 2166 769 2226 29.Per
776 2160 904 2210 silentium.
912 2156 1065 2229 Adjuvante
1073 2159 1156 2212 vestri

94 2236 138 2307 ips
163 2237 308 2293 scribendi.
328 2267 364 2278 —
384 2241 489 2289 Musica.
513 2235 593 2290 Conl.
638 2237 736 2291 silentii
746 2239 847 2290 favore.

94 2317 198 2371 llunnrh.
218 2338 290 2373 vers.
310 2325 379 2388 477,
394 2317 442 2371 ubi
459 2317 514 2370 vid.
533 2324 593 2370 not.
674 2315 1155 2370 30.Galornicas.Exclnsionemvocat

94 2397 136 2449 rol.
148 2399 202 2470 Lp.
215 2409 278 2468 194.
638 2397 824 2450 calamitatem.
836 2397 881 2450 Cf.
893 2415 966 2467 supr.
977 2416 1014 2450 vs.
1028 2417 1052 2450 a.

10 2543 11 2548 ¹
121 2481 157 2538 ni.
172 2481 331 2546 scabriorem.
351 2478 418 2531 Fere
437 2495 530 2544 omnes
549 2475 594 2529 alii
673 2477 716 2530 31.
732 2483 820 2528 Vestra
833 2480 1003 2544 intelligentia.
1013 2477 1055 2530 Sc.
1067 2493 1152 2550 quum

92 2557 225 2624 anianum.
246 2559 308 2610 Nos
325 2569 415 2610 antem
433 2570 491 2628 post
506 2557 593 2610 Perle-
636 2557 815 2629 cognoveritis
828 2568 915 2610 actam
928 2556 1107 2619 comoediam
1127 2565 1153 2608 et

10 2639 11 2648 ¹
92 2643 152 2700 tum,
162 2638 245 2690 secuti
258 2657 354 2691 sumus
365 2638 447 2690 Bentl.
460 2637 594 2708 ingeniose
636 2649 675 2690 est
689 2637 741 2689 hoc
754 2638 789 2689 ab
798 2635 950 2689 auditorum
958 2655 1081 2708 persona.

93 2715 312 2787 corrigentem.—-
325 2721 401 2785 Quod
410 2721 435 2767 si
442 2719 593 2785 scriptorem.
673 2717 715 2769 32.
735 2721 836 2768 Nostroe
857 2719 994 2768 industriae.
1016 2717 1118 2768 Rursus
1136 2734 1151 2768 a

92 2793 211 2868 intellige,
231 2797 311 2870 quod
332 2797 356 2850 si
374 2797 473 2850 Caecilii
491 2797 593 2852 fabulas
636 2815 682 2850 sua
693 2817 813 2870 persona.
827 2797 940 2850 Notetnr
953 2808 1041 2850 autem
1055 2815 1088 2848 ex
1100 2800 1153 2850 Do-

92 2875 191 2929 exclusas
211 2897 226 2929 a
246 2896 331 2930 scena
342 2895 419 2947 agere
437 2877 534 2936 iterum
547 2897 594 2930 ne·
636 2889 710 2940 nato,
719 2897 779 2950 quan
794 2876 855 2928 insit
866 2875 953 2929 verbis
965 2889 1048 2926 vestra
1062 2878 1152 2926 iintelli-
1216 2929 1217 2934 ,

10 2983 12 3032 3
92 2955 222 3026 pinxissem.
242 2988 283 2998 -
301 2962 330 3008 In
340 2961 484 3026 praesentio.
504 2959 593 3026 Expli-
633 2962 729 3025 gentio,
740 2957 973 3017 nostroeindustriae,
988 2955 1153 3008 concinnitas

10 3059 12 3120 p
92 3049 126 3089 oet
143 3037 173 3091 ‹le
198 3051 340 3110 tempore,
364 3049 428 3091 tunc
441 3057 525 3110 quum
539 3040 593 3111 pri-

10 3121 12 3188 ζ
93 3119 231 3176 numedirae
245 3121 366 3172 inerunt.

10 3197 11 3210 ¹
120 3199 157 3252 ²5.
176 3207 205 3252 In
222 3207 315 3254 deam.
333 3202 431 3274 Magna
450 3219 513 3273 pars
529 3203 591 3257 Mss.

10 3263 12 3300 l
93 3287 113 3328 et
121 3277 164 3332 Ed.
171 3282 211 3335 Pr.
221 3285 253 3334 id
262 3285 416 3336 deterrendo.
423 3291 495 3336 —In
501 3289 591 3339 deterr.

10 3361 12 3424 l
93 3357 251 3430 scripseram
264 3361 431 3431 ascriptum.

10 3491 11 3494 ,
120 3443 156 3490 ab.
167 3448 195 3492 In
206 3445 259 3492 otio
268 3455 323 3509 pot.
336 3463 361 3510 g.
379 3444 405 3493 in
414 3446 519 3511 negotio.
530 3444 592 3498 Ele·

92 3519 166 3588 gartia
178 3520 235 3574 hec
251 3532 291 3572 est
302 3522 440 3592 utriusque
450 3522 520 3576 vocis
534 3523 591 3576 lati-

92 3617 125 3652 na·
136 3601 177 3654 Far
194 3601 268 3655 enim
283 3615 364 3669 negot.
373 3601 390 3652 i.
406 3621 433 3673 q.
446 3623 492 3654 nec
508 3607 591 3655 otinrn.

92 3679 117 3732 Et
128 3681 275 3736 fabularum
287 3681 441 3736 auctoribus
455 3681 482 3734 id
497 3695 535 3736 est
545 3703 591 3736 nc-

92 3763 143 3828 gotii
154 3775 182 3815 ut
198 3763 302 3835 populo
312 3763 432 3834 placeant
445 3782 513 3833 quas
522 3766 590 3818 sece-

10 3865 11 3910 j
91 3841 134 3894 rint
144 3841 252 3896 tabulas.
266 3847 331 3894 Peri.

10 3915 12 3936 ²
120 3933 157 3983 ²7·
166 3919 293 3966 Scriberet.
308 3915 371 3964 Duo
382 3912 445 3964 lllss.
459 3914 537 3976 Boecl.
551 3921 591 3970 de.

636 3038 741 3109 elegans
754 3055 785 3089 ac
795 3033 972 3107 periphrasis,
983 3051 1032 3106 pro
1050 3035 1152 3108 simpli-

636 3118 711 3179 ciori,
720 3136 776 3177 vos,
786 3118 863 3166 nobis.

672 3197 713 3248 33.
727 3196 888 3262 Pnggloria.
898 3193 995 3266 Gnyet.
1007 3214 1068 3262 prag.
1079 3210 1149 3264 grat.

635 3275 713 3328 Both.
734 3275 822 3342 gloria
839 3276 987 3325 Furiambnli
1008 3277 1091 3324 etiam.
1115 3305 1151 3315 -

634 3359 748 3424 Pugilum
758 3356 851 3422 gloria.
864 3355 1022 3426 Περῖφρασις,
1033 3353 1070 3404 ait
1079 3359 1149 3410 Don.
1243 3377 1244 3380 ¹

636 3435 689 3488 ἀντὶ
702 3441 756 3495 τοῦ,
772 3432 877 3503 pugiles
895 3433 974 3484 etiam
987 3432 1102 3503 gloriosi.
1114 3463 1150 3474 —

635 3517 725 3568 Potest
736 3531 844 3584 quoque
858 3511 969 3582 intelligi
975 3514 1149 3581 pugilnmglo·

634 3599 673 3648 ria
684 3613 735 3666 pro
748 3591 881 3663 simplici,
895 3595 1009 3660 pugiles,·
1028 3605 1058 3643 ut
1075 3593 1148 3663 apud

634 3677 760 3740 Graecos,
790 3676 830 3740 βίη
845 3674 983 3744 Πριάμοιο,
995 3674 1013 3725 i.
1033 3693 1057 3726 e.
1074 3676 1150 3744 Epin-

635 3779 690 3829 μος,
705 3757 764 3827 ἱερὸν
780 3757 850 3826 μένος
860 3747 991 3812 meiero,
1009 3751 1027 3802 i.
1047 3769 1069 3803 e.
1080 3753 1149 3806 Alci·

634 3855 721 3898 nous,
736 3848 763 3886 et
772 3831 801 3884 id
811 3851 894 3903 genus
908 3829 970 3882 alia.
981 3834 1088 3882 Mericus
1103 3837 1149 3884 ca-

633 3912 777 3969 ronchonus*

10 4049 11 4054 ,
111 4001 201 4042 'Hm'm
212 4001 341 4047 ἅκυὸωιιι,
351 4004 420 4041 tuneo
431 4001 554 4044 casaubono
564 4015 623 4046 natus
633 4036 640 4054 ,
651 4005 747 4056 majorem
762 3999 810 4038 vttae
824 4007 900 4052 partem
911 3998 969 4051 degit
980 3999 1000 4037 in
1016 3999 1098 4049 Anglia,
1112 3999 1147 4038 ubi

10 4063 11 4080 ³
93 4077 128 4120 post
137 4079 217 4110 nortem
227 4069 324 4110 nostratis
337 4069 418 4113 nonnisi
430 4069 499 4121 quarti
509 4081 568 4124 pater
579 4071 724 4125 benignissime
741 4068 806 4106 luerat
820 4073 926 4118 exceptus,
939 4072 960 4104 et
972 4065 1016 4118 ipse
1029 4063 1069 4102 tuit
1079 4065 1147 4114 singu·

10 4135 11 4142 ’
92 4137 121 4173 lari
132 4135 150 4174 iu
162 4138 206 4175 loco
219 4135 276 4188 apud
287 4133 438 4174 iacobumlet
452 4137 575 4177 Carolnml.
596 4135 775 4180 Colchi-loriano,
791 4129 962 4175 otincnnnaett,
980 4131 1085 4182 praemium
1101 4144 1148 4169 scri·

92 4205 144 4246 piore
153 4201 241 4251 pollicito
256 4200 272 4238 si
286 4199 394 4237 historiam
408 4199 480 4238 borum
493 4209 607 4256 temporum
616 4209 744 4244 contexeret,
754 4212 838 4238 renuere
851 4213 891 4237 non
901 4197 1009 4237 dubitavit.
1020 4199 1111 4236 Mortuus
1119 4207 1149 4236 cst

93 4269 197 4313 unusne,
209 4279 278 4306 menso
286 4265 347 4316 julio,
360 4266 407 4305 anni
420 4269 477 4318 ¹⁶7²·
494 4269 536 4308 rlrro
550 4277 569 4310 et
583 4271 712 4326 septuaginta
721 4279 786 4307 annos
795 4272 869 4310 netues
885 4266 917 4306 vir
927 4265 991 4303 molta
1001 4263 1100 4310 doctrina,
1112 4265 1146 4304 secl

93 4335 174 4385 asperiori
181 4335 257 4388 sepius
269 4333 333 4385 stylo.
