3016 5182
365 535 433 608 332
592 542 777 612 PUBLII
803 547 1057 619 TERENTH
1083 550 1206 618 AFRI

633 728 804 820 SCEN
811 734 851 819 A
883 733 1156 824 OCTAVA.

538 907 762 979 0000000.-
785 912 1011 984 Puoasuo.
1037 915 1262 984 causitus

364 1075 430 1144 Du.
452 1075 514 1144 Dis
533 1099 670 1172 magnas
692 1081 811 1150 merito
827 1083 950 1176 gratias
965 1081 1074 1152 habeo
1092 1096 1192 1177 atque
1208 1106 1291 1179 ago,

365 1181 511 1270 Quando
530 1207 672 1253 evenere
692 1185 764 1256 haec
785 1187 896 1273 nobis,
918 1187 1031 1274 frater,
1050 1213 1221 1284 prospere.

362 1287 535 1376 Quantum
552 1304 685 1384 potest,
705 1317 795 1364 nuuc
816 1293 1064 1364 conveniendus
1080 1296 1239 1366 Phormio
1260 1309 1327 1380 est,
1397 1310 1433 1360 ⁸⁹⁵

362 1389 559 1490 Priusquam
575 1394 733 1492 dilapidet
752 1414 882 1470 nostras
902 1401 1038 1495 triginta
1059 1403 1183 1490 minas,

364 1503 414 1570 Ut
427 1501 626 1572 auferamus.
650 1506 737 1574 Pflo.
752 1507 1020 1601 Demiphonem‚
1038 1509 1065 1576 si
1086 1508 1176 1578 domi
1198 1522 1264 1594 est,

363 1606 501 1695 Visam,
516 1623 571 1691 ut,
589 1609 713 1703 quod...
724 1613 790 1680 Du.
805 1614 850 1681 At
864 1638 925 1682 nos
943 1611 985 1682 ad
1003 1626 1036 1682 te
1054 1613 1195 1702 ibamus,
1209 1615 1380 1684 Phormio.

363 1715 453 1786 Pno.
475 1717 529 1784 De
552 1713 667 1784 eadem
684 1716 749 1787 hac
765 1717 905 1790 fortasse
923 1712 1046 1790 causa?
1060 1723 1125 1790 Du.
1140 1723 1192 1790 Ita
1205 1719 1332 1791 hercle.
1348 1723 1430 1790 Pno.

524 1820 669 1890 Credidi.

362 1924 454 2014 Quid
476 1926 518 1995 ad
538 1951 591 1996 me
607 1927 732 1998 ibatis?
750 1927 947 2000 ridiculum!
967 1955 1010 2000 an
1026 1929 1202 2020 ueremini,
1395 1963 1431 2001 ⁹0⁰

362 2035 413 2128 tie
430 2057 498 2102 nou
517 2033 551 2102 id
573 2033 735 2120 facerem,
758 2037 848 2132 quod
869 2040 1066 2133 recepissem
1090 2037 1213 2108 semel?

362 2141 470 2226 Heus,
484 2155 607 2234 quanta
628 2157 753 2236 quanta
769 2144 842 2214 haee
865 2168 937 2214 mea
957 2159 1135 2240 paupertas
1161 2160 1228 2230 est,
1250 2160 1364 2214 tamen

396 2313 437 2367 Sc.
451 2332 513 2368 πιι.
528 2313 591 2367 Haec
606 2331 684 2368 scena
695 2319 872 2370 concertatio·
917 2310 1051 2382 integrum
1067 2309 1293 2364 tlatPhormiouit
1305 2329 1432 2382 persone.

360 2391 515 2445 nonhabet
533 2411 627 2446 senum
645 2413 677 2447 ac
696 2395 871 2450 Phormionie.
916 2389 972 2444 Not
995 2389 1160 2461 preterimus
1177 2391 1279 2462 vulget.
1291 2391 1431 2444 lectionem

361 2472 404 2524 [lli
423 2473 493 2524 enim
504 2486 641 2544 argentum
659 2487 806 2546 repetunt3
826 2476 872 2530 hic
916 2468 950 2522 de
963 2468 1136 2523 dictinctione
1146 2487 1331 2542 personarum.
1346 2501 1385 2511 -
1397 2477 1432 2522 ue

359 2562 458 2622 pugnat
470 2570 503 2606 ex
516 2564 595 2624 paeto
604 2595 612 2618 ‚
622 2553 661 2606 uti
675 2567 721 2608 sat
734 2567 872 2626 argeutum
916 2552 973 2602 ead·
989 2551 1107 2619 aneson·
1125 2569 1192 2603 enus.
1207 2551 1321 2604 Simulat
1335 2570 1363 2604 te
1381 2569 1432 2604 cre·

360 2629 488 2700 perdant,
500 2643 546 2684 aut
559 2651 670 2685 uxorem
683 2632 756 2686 deut.
767 2640 846 2703 Eugr.
916 2627 997 2691 dere,
1011 2648 1089 2682 senes
1108 2649 1170 2684 cum
1189 2631 1248 2704 ipso
1263 2645 1389 2694 acturos,
1405 2644 1432 2684 ut

396 2711 456 2778 894.
472 2712 593 2778 quietudo,
607 2712 742 2783 qnoniam.
763 2743 797 2754 -
811 2719 871 2766 Eve-
916 2726 979 2762 mox
990 2710 1122 2762 Phanium
1133 2709 1257 2764 abducat.
1279 2715 1380 2779 Bep-
1392 2719 1430 2764 lta

360 2808 435 2852 nere,
448 2789 488 2842 vel
499 2805 636 2843 evenerum.
777 2807 781 2820 ⁴
915 2789 1002 2842 hercle.
1024 2789 1155 2861 Demipho
1164 2809 1197 2844 ex
1208 2810 1256 2843 sua
1268 2789 1364 2861 ipsius,
1377 2811 1430 2844 non

395 2869 455 2936 895.
470 2874 594 2937 Quantum
601 2885 695 2939 potest,
706 2891 787 2944 quam
799 2871 870 2925 citis.
914 2884 945 2918 ex
959 2867 1139 2934 Phormionis‚
1151 2870 1281 2923 sententia
1294 2871 1430 2923 consentit.

359 2948 443 3012 sime,
454 2967 536 3020 qnam
550 2950 674 3020 primum.
914 2975 949 2987 -
962 2949 1070 2998 Credidi.
1083 2948 1268 3014 Assentieutis,
1281 2947 1328 3001 sed
1339 2950 1429 3002 animo

395 3027 456 3094 896.
470 3031 601 3095 Dilapidee.
615 3028 683 3082 eod.
699 3030 791 3083 Bemb.
804 3035 869 3082 dila·
918 3043 1021 3080 averso.

356 3107 871 3182 μίᾰαε.-ζ>ι’1ορἰᾰοτ,0100000101.Τοωο
950 3123 1010 3171 900·
1024 3115 1062 3158 Aa
1081 3109 1206 3158 aeramina
1218 3106 1278 3158 Lib.
1290 3108 1374 3179 antiq.
1387 3127 1431 3160 ne-

358 3186 440 3239 latnm
451 3186 513 3240 inde
526 3199 565 3241 est
577 3189 707 3254 verbum,
722 3189 795 3260 quod
806 3194 870 3258 Iapi-
915 3188 1047 3251 nbamini,
1070 3186 1167 3240 omisso
1193 3207 1236 3238 aa.
1259 3187 1332 3260 Gay.
1358 3189 1429 3240 huno

359 3269 402 3316 dee
415 3266 472 3317 sine
489 3283 564 3326 cura.
578 3279 677 3321 temere
688 3269 818 3342 jacimus,
831 3283 870 3321 at·
915 3285 1018 3319 versum
1033 3265 1112 3337 ponit
1127 3265 1196 3319 inter
1209 3265 1383 3320 adulterinos.
1395 3297 1430 3308 ·-

358 3361 411 3414 que
424 3345 459 3397 ita
472 3343 657 3416 disperdimus.
668 3379 702 3388 -
711 3353 816 3399 Nostrae
827 3353 870 3398 tn·-
914 3345 1161 3416 Ridiculumsupp.
1169 3363 1217 3399 vos
1230 3345 1322 3398 veniae
1334 3345 1365 3398 sd
1377 3363 1428 3399 nae.

356 3425 426 3492 ginta
450 3429 550 3487 utinam
574 3444 640 3497 quas
664 3426 764 3480 seilicet
791 3429 871 3480 ambo
952 3445 1013 3493 901.
1039 3429 1210 3493 accepissem,
1238 3425 1428 3496 promisissem.

358 3521 433 3557 senes
446 3523 496 3574 pro
509 3521 557 3558 saa
569 3507 682 3578 quisque
692 3519 767 3578 parte
778 3517 872 3558 ooutn-
915 3505 1007 3576 Vulgo
1025 3503 1142 3570 dicitnr,
1162 3509 1199 3556 ad
1211 3525 1267 3568 me,
1282 3505 1339 3566 vel,
1354 3509 1379 3556 in
1392 3523 1430 3556 me

360 3584 452 3636 lerant.
465 3584 543 3655 Supr.
557 3603 597 3639 vs.
608 3587 677 3655 678,
692 3603 733 3658 eq.
916 3588 1014 3653 recipio.
1024 3584 1083 3636 Hos
1092 3595 1182 3636 antem
1190 3583 1345 3654 promisisse
1353 3583 1431 3636 Phor-

394 3663 455 3730 898.
470 3667 517 3726 Ut,
532 3667 624 3732 quod...
639 3664 695 3717 Nisi
708 3663 872 3734 interpellas·
916 3665 1034 3717 inionem
1051 3668 1164 3733 nanque
1177 3681 1256 3716 senex
1275 3681 1325 3733 per
1337 3663 1427 3716 Getam

358 3755 398 3796 set
415 3760 563 3797 sermonem
582 3743 732 3814 Demipho,
751 3741 873 3796 dicturus
916 3741 1353 3813 audivere‚v.'657,sq.·Nullnm
1365 3742 1427 3795 inihi

360 3833 416 3876 erat
428 3822 573 3875 Phormio:
595 3847 606 3869 ι
617 3837 660 3885 ut,
679 3819 826 3874 secundnm
841 3823 873 3874 it·
918 3821 1007 3874 malim
1020 3839 1102 3892 qnam
1115 3820 1216 3888 istanc,
1227 3833 1278 3875 eto.
1288 3849 1301 3867 ι·

360 3901 425 3966 tud,
446 3906 515 3970 quod
533 3900 568 3955 de
590 3919 672 3954 uxore
691 3899 814 3954 ducenda
834 3902 874 3954 di·
954 3920 1014 3968 9⁰²·
1029 3908 1130 3968 Quanta
1143 3915 1247 3968 quanta.
1259 3902 1303 3955 sic
1315 3902 1428 3975 gemina·

360 3994 432 4034 ctum
445 3992 470 4033 et
487 3981 659 4033 constitutum
672 3979 802 4033 internos
817 3993 874 4045 est,
918 4000 978 4034 mus
999 3999 1032 4034 ex
1051 3981 1118 4034 libb.
1139 3981 1263 4052 antiquis.
1284 3982 1325 4034 ΑΙ.
1342 3981 1425 4035 exhib.

359 4079 417 4114 eam
444 4077 517 4112 nunc
546 4058 679 4111 ducam·
710 4059 759 4112 vet
785 4060 871 4114 simile
916 4075 1028 4130 quatita,
1048 4060 1167 4114 detracto
1180 4061 1281 4125 altem
1296 4062 1328 4115 C.
1346 4062 1376 4114 G.
1390 4079 1426 4112 m.

360 4139 433 4211 quid.
449 4143 525 4190 West.
540 4169 575 4180 ω
587 4144 638 4198 At,
654 4139 816 4208 occupantis.
915 4145 989 4194 heus!
1000 4147 1075 4195 heus!
1085 4151 1426 4213 quantawantae.-Quamu

396 4220 458 4286 899.
479 4219 557 4270 Hunc
581 4235 685 4269 versum
719 4218 870 4284 Basileios,
917 4237 1020 4288 quietata.
1036 4222 1088 4275 Pro
1099 4237 1324 4295 quantacumque⁴
