3120 5178
382 510 425 581 16
616 515 790 582 PUBLll
819 513 1062 586 TERENTII
1092 521 1210 589 AFRI

375 649 424 715 Ea
443 671 486 716 ne
505 670 559 715 me
577 639 678 730 celet,
698 647 888 718 consuefeci
906 647 1022 719 filium.

376 755 463 824 Nam
484 754 540 848 qui
563 753 714 841 mentiri,
733 769 791 823 aut
810 753 923 824 fallere
943 758 1081 827 insuerit
1096 773 1242 854 patrem,
1426 793 1450 832 n

373 866 442 930 Aut
456 859 608 943 audebit,
623 873 717 929 tanto
733 863 839 955 magis
855 861 990 934 audebit
1006 880 1152 936 ceteros.

373 966 506 1036 Pudore
523 981 556 1034 et
578 965 773 1036 liberalitate
790 966 911 1038 liberos
952 1042 953 1050 .

373 1074 532 1142 Retinere
554 1075 656 1142 satius
676 1099 747 1143 esse
763 1075 885 1159 cred0‚
902 1099 1003 1169 quarn
1019 1091 1121 1146 metu.

374 1184 454 1248 Haec
477 1180 571 1248 fratri
588 1205 719 1248 mecum
742 1205 810 1249 non
830 1182 1035 1251 conveniunt
1056 1208 1164 1279 neque
1180 1185 1326 1281 placent.

374 1289 478 1357 Venit
496 1286 539 1355 ad
560 1311 614 1356 me
632 1311 735 1382 saepe,
755 1286 902 1358 clamans
918 1315 925 1355 :
943 1289 1044 1383 «quid
1065 1293 1135 1386 agis
1144 1287 1161 1380 ,’
1170 1292 1296 1363 Micio?
1424 1322 1449 1360 a..

375 1483 471 1544 eputat.
487 1470 579 1522 Periet.
598 1504 638 1516 -
658 1471 723 1539 Ona
739 1471 791 1540 sert
805 1471 888 1522 adole-
935 1470 1078 1525 iiberalitate
1092 1473 1126 1527 ad
1138 1487 1234 1547 patres.
1244 1476 1331 1529 Pudor
1339 1489 1378 1533 est
1392 1497 1450 1532 me·

375 1555 474 1604 scentia.
502 1551 618 1603 Veniam
648 1547 753 1604 addidit
782 1551 890 1615 statim,
935 1563 976 1604 tua
996 1550 1156 1624 displicendi
1178 1557 1355 1626 parentibus,
1373 1577 1449 1612 reve-

272 1665 274 1670 ·
376 1644 482 1703 peccata
500 1631 535 1684 ab
554 1629 763 1684 adolescentibus
779 1628 814 1683 ad
829 1642 890 1684 aeta·
933 1631 1040 1684 rentia:
1058 1633 1206 1695 liberalitas,
1229 1636 1331 1690 bonitas
1353 1657 1450 1708 paren·

376 1724 430 1765 tem
439 1701 703 1778 removendolZeun.
712 1707 773 1771 ot).
783 1711 819 1763 Et
829 1709 891 1764 vide
934 1722 993 1763 tum
1000 1751 1008 1777 ‚
1021 1725 1047 1765 et
1057 1712 1232 1785 indulgentia.
1244 1716 1342 1769 Iurene.
1353 1750 1393 1760 —
1402 1719 1449 1771 Ni·

377 1809 457 1863 quam
469 1791 594 1855 breviter,
603 1805 684 1861 quam·
691 1788 799 1862 pudice,
810 1809 891 1862 quam
934 1793 985 1843 mis
994 1804 1081 1844 autem
1090 1795 1230 1865 exquisite,
1238 1815 1272 1848 ne
1283 1797 1344 1868 plue
1352 1796 1450 1862 dicam,

377 1872 545 1947 ignoscentes
555 1871 660 1924 locutus
669 1871 710 1924 sit.
721 1871 814 1922 Donat.
933 1869 1041 1924 videtur
1049 1873 1181 1942 explicare
1190 1877 1321 1940 Donatus,
1329 1875 1395 1930 dum
1405 1877 1453 1930 ad·

419 1952 464 2004 55.
483 1953 595 2004 Insaerit.
609 1951 640 2004 C.
653 1950 687 2004 G.
706 1970 742 2003 ru.
752 1939 889 2002 insueverit.
934 1949 992 2004 dit:
1010 1977 1022 1999 ι
1033 1952 1210 2020 Liberalitate,
1223 1956 1326 2026 inquit,
1340 1957 1450 2028 regendi

381 2032 423 2084 Al.
439 2035 545 2082 insuevit.
560 2031 604 2082 Be.
615 2049 678 2082 vero
693 2029 804 2084 diversis
823 2044 890 2084 tem·
934 2043 1005 2097 sunt,
1013 2045 1125 2101 propter
1132 2033 1206 2104 quod
1214 2033 1285 2088 liberi
1292 2034 1446 2091 dicuntur.-

377 2111 489 2182 poribus
504 2113 619 2172 insuerit,
635 2109 733 2162 audebit
745 2109 841 2163 merito
854 2111 892 2162 of·
934 2109 1038 2181 Nempe
1048 2111 1117 2164 liberi
1125 2113 1194 2167 nibil
1205 2112 1278 2168 aliud
1287 2115 1315 2168 b.
1327 2115 1345 2168 l.
1358 2128 1452 2182 sonat,

378 2194 480 2253 feneus,
510 2191 577 2243 mibi
601 2202 689 2242 tamen
715 2191 891 2243 mutationem
934 2189 1056 2260 nisifilii,
1069 2197 1149 2262 pueri.

378 2290 468 2336 auam,
491 2261 525 2323 ita
550 2282 581 2322 ut
603 2270 649 2332 tit,
670 2268 744 2340 quod
767 2271 842 2341 quasi
862 2269 891 2322 in
977 2273 1022 2340 57.
1043 2272 1165 2325 Retinere.
1194 2275 1266 2329 Bene
1286 2278 1411 2329 retinere:
1434 2296 1450 2330 a

379 2352 535 2404 universum
544 2348 746 2414 diceretur,non
757 2350 890 2420 probavit.
934 2349 1005 2403 vitiis
1013 2351 1121 2406 scilicet.
1127 2354 1197 2406 Nam
1204 2356 1270 2409 vitia
1276 2354 1346 2409 filios
1356 2368 1449 2409 tenent:

378 2431 484 2485 Idcirco
492 2428 618 2503 equidem
624 2449 675 2503 pro
683 2433 795 2495 insuerit,
804 2430 890 2500 legere
934 2449 1001 2501 quos
1012 2435 1114 2483 retinent
1123 2445 1213 2504 patres
1226 2453 1241 2488 a
1253 2435 1327 2488 vitiis
1338 2437 1448 2490 scilicet.

380 2513 464 2565 ausim
490 2523 518 2562 ut
538 2513 628 2574 suerit,
653 2529 730 2562 sensu
750 2529 781 2564 ac
805 2522 890 2562 metro
934 2510 1005 2563 Nam
1015 2513 1174 2585 retinet‚qui
1182 2512 1323 2568 adversum
1332 2517 1450 2588 aliquem

378 2604 490 2644 servato.
505 2589 567 2643 Itid.
589 2590 644 2643 sere
659 2589 716 2642 Cic.
735 2589 809 2642 Fam.
827 2590 892 2654 XV,
934 2602 1016 2644 tenet.
1032 2591 1126 2645 Donat.
1140 2625 1181 2636 -
1193 2594 1274 2663 Quam
1288 2607 1361 2650 meta.
1375 2597 1450 2649 Tbe-

383 2676 418 2727 8:
439 2668 543 2735 «Quod
564 2673 639 2722 suesti
661 2671 744 2740 peto‚'
757 2681 829 2723 etc.»
853 2669 892 2721 Ut
934 2669 1005 2723 mist.
1016 2670 1160 2742 Euphrada
1168 2671 1243 2726 Orat.
1256 2671 1451 2747 Vta'ndoipii·

379 2769 468 2805 sensus
486 2764 573 2804 antem
594 2748 756 2820 arriperetur
774 2749 891 2814 facilius,
933 2756 975 2804 λον
992 2751 1068 2820 ᾤοντο
1083 2749 1134 2806 δεῖν
1152 2751 1194 2804 aei
1216 2754 1297 2825 εὐνοίᾳ
1314 2758 1407 2818 πλέον,
1431 2757 1448 2813 ti

379 2831 458 2883 verba
486 2827 639 2884 collocanda
666 2829 702 2881 ita
728 2848 862 2883 censerem
883 2847 890 2882 :
934 2828 1001 2900 9qu
1022 2831 1136 2899 κατέχειν
1155 2831 1210 2893 τοὺς
1228 2832 1359 2896 ὑπηκόους.
1372 2834 1451 2888 Idem

381 2913 446 2964 Nam
469 2915 512 2983 qni
530 2922 575 2962 aut
590 2921 660 2962 ment.
679 2920 723 2960 aut
734 2911 843 2977 saliere,
864 2923 893 2960 ut
936 2909 1009 2962 Orat.
1021 2910 1073 2962 xl:
1085 2900 1289 2982 ldodptuont
1304 2912 1371 2985 qa'qu
1384 2915 1451 2986 χρώ·

380 2994 571 3061 suer·it,patrent
583 2989 890 3055 Audebie,tantem.aad
934 3009 1016 3061 μενον.
1036 2990 1180 3057 Afranius,
1207 2992 1280 3063 apud
1306 2994 1450 3063 Gellium,

379 3084 434 3124 cat.
452 3071 597 3124 Perlet.-
613 3069 722 3124 Mentiri.
743 3069 890 3142 separatim
935 3069 1015 3122 Noct.
1037 3071 1091 3124 Att
1115 3071 1178 3136 XV,
1201 3071 1235 3126 13
1260 3091 1268 3125 z
1289 3073 1377 3126 «Hem
1397 3076 1450 3129 isto

380 3149 595 3204 subaudiendum
610 3162 663 3213 est,
679 3153 778 3201 insuerit
790 3152 848 3220 πρὸς
862 3152 890 3203 τὸ
934 3161 1077 3219 parentum
1091 3150 1195 3204 estrita
1206 3152 1265 3205 vilia
1276 3152 1385 3221 liberis;
1400 3155 1450 3208 ubi

381 3234 482 3283 mentiri.
494 3233 641 3285 Donat-
653 3229 782 3282 Comaerit
792 3242 837 3282 aut
849 3249 892 3282 aa·
934 3229 1038 3283 malunt
1046 3229 1130 3284 metui
1139 3248 1220 3303 quam
1226 3232 1313 3286 vereri
1324 3234 1427 3288 abania
1435 3261 1446 3283 ν

380 3313 453 3364 debit.
468 3313 571 3381 Duplex
589 3308 689 3364 scilicet
708 3309 753 3362 bic
772 3311 891 3374 malum,
935 3309 1007 3363 Lind.
1021 3310 1115 3364 Inuna
1125 3310 1220 3364 exenia
1233 3311 1335 3366 tabellis
1345 3327 1450 3369 nostrae

380 3393 468 3444 audere
480 3387 684 3462 primumtdein
700 3389 828 3442 nefariam
844 3408 891 3442 au·
934 3391 1126 3454 Lucanam,
1145 3390 1241 3444 Pheias
1255 3405 1281 3445 et
1288 3393 1366 3446 Bore'e
1380 3415 1389 3446 :

371 3472 481 3525 daciam
499 3485 602 3542 vertere
614 3469 642 3520 in
660 3467 891 3522 consuetudinem.
990 3475 1053 3516 «rtur
1061 3475 1365 3530 iaitdoaceurqautotaaea.»

380 3553 563 3607 Potuitantem
573 3546 891 3603 confundereTcrentiut.
978 3548 1024 3618 59.
1037 3549 1186 3616 Hacsratri
1199 3569 1287 3604 mecam
1303 3571 1351 3604 non
1368 3573 1450 3606 conve·

382 3666 419 3674 -
429 3633 543 3686 Crateros·
555 3631 626 3696 Quia
637 3631 690 3700 jam
702 3627 837 3699 deceperit
846 3647 893 3699 pa·
936 3632 1013 3682 nunt.
1026 3628 1102 3682 Nova
1118 3628 1218 3684 locutio
1230 3644 1277 3686 est.
1288 3627 1351 3684 Non
1365 3653 1450 3685 συννοο-

309 3701 313 3710 ’
379 3727 455 3765 trem.
937 3711 1379 3784 niant‚pronancangrannt.Acpcr
1387 3713 1450 3777 hoc,

422 3795 470 3846 56.
490 3791 544 3844 Atat
559 3789 646 3842 audeb.
664 3786 823 3842 Particulam
837 3789 893 3839 Ant
937 3791 962 3840 in
973 3789 1009 3840 iris
1017 3808 1063 3858 ego
1073 3801 1097 3842 et
1100 3790 1185 3856 frater
1192 3791 1391 3858 dissentimus,id
1400 3805 1451 3858 eet,

382 3873 414 3926 nl.
431 3873 495 3926 huic
508 3870 594 3924 versui
608 3881 782 3941 praeponunt,
796 3867 829 3920 al.
844 3885 890 3920 an·
935 3867 1075 3922 dissimiles
1095 3887 1193 3924 sumus.
1210 3872 1305 3926 Donet.
1320 3902 1361 3914 —
1375 3872 1449 3927 Hoea.

379 3965 489 4006 nectunt
513 3951 608 4023 priori.
621 3951 720 4002 Totum
741 3944 810 4020 illud
827 3947 892 4019 legit
938 3948 974 4002 Ea
985 3948 1167 4021 scilicet‚quae
1176 3950 1325 4025 bucusque
1336 3953 1451 4024 probata

380 4033 460 4086 Botlr.
478 4043 523 4084 aut
532 4031 592 4099 sali.
613 4031 727 4082 institerit
735 4040 830 4098 patrem
838 4029 892 4080 Aia·
935 4027 984 4082 cibi
997 4027 1124 4084 laudavit.
1136 4030 1206 4083 Peri.

380 4115 450 4175 dere,
470 4124 538 4164 tanta
549 4130 581 4162 m.
601 4123 652 4162 aat.
669 4117 722 4161 e'oet.
738 4139 778 4148 -
793 4107 891 4160 Pudore
977 4111 1023 4162 60.
1035 4109 1276 4182 Venitadmesoepe‚
1288 4123 1337 4165 etc.
1346 4111 1451 4166 Colloc.

378 4207 404 4245 et
411 4189 766 4260 iiberalitate.ltetulitpadare
773 4186 805 4242 ad
812 4187 893 4255 filios;
934 4188 989 4242 Alii
1000 4195 1070 4242 uenit
1083 4210 1146 4262 saepe
1160 4191 1196 4242 ad
1207 4209 1250 4242 me.
1266 4221 1306 4238 -ι
1323 4191 1451 4247 cunam.
