3120 5178
416 539 641 608 ADELPH.
670 538 782 608 ACT.
811 539 846 624 l,
874 537 957 634 SC,
976 539 1003 603 Ι.
1206 561 1244 606 11

135 701 1252 730 ΜΜΜΜΜΜΜΜἪΜΜ
1358 709 1361 715 “

403 1010 662 1119 ACTUS
699 1007 1015 1116 PRIMUS.

622 1271 805 1298 *¹—

464 1455 694 1546 scurm
727 1455 962 1576 PRIMA.

618 1703 815 1782 Mtcmf

167 1899 378 2021 Sronsx!
398 1989 434 2010 ..
454 1991 464 2008 .
482 1967 552 2012 non
570 1942 743 2012 rediithac
758 1955 857 2012 nocte
872 1965 892 2010 a
906 1944 1201 2033 coenaAEschinus‚
1229 1974 1255 2013 ‚s
1316 1967 1319 1976 ’

164 2052 290 2146 Neque
308 2049 523 2122 servulorum
539 2051 733 2145 quisquam,
748 2053 806 2144 qui
823 2049 1002 2120 advorsum
1020 2054 1137 2121 ierant.

167 2156 332 2228 Profecto
347 2159 415 2228 hoe
435 2181 518 2226 vere
536 2155 674 2226 dicunt:
690 2157 718 2225 si
737 2156 825 2227 absis
842 2159 990 2253 uspiam,

169 2265 242 2335 Aut
258 2266 320 2334 ubi
339 2265 366 2334 si
385 2288 512 2352 cesses,
527 2266 659 2333 evenire
678 2287 718 2332 ee
738 2266 841 2334 satius
859 2278 929 2352 est,

169 2354 261 2460 Quae
282 2373 318 2440 in
340 2386 374 2441 te
394 2396 482 2441 uxor
503 2371 601 2458 dicit,
622 2385 749 2465 etque
769 2372 805 2439 in
823 2373 934 2442 animo
956 2371 1083 2466 cogitat
1231 2401 1256 2440 ³„
1296 2415 1299 2426 ·

169 2481 286 2568 Irata,
300 2503 403 2574 quam
420 2477 477 2547 illa
497 2502 571 2572 quae
589 2492 743 2572 parentes
764 2479 909 2572 propitii.

214 2667 325 2728 'Hiero
335 2673 611 2738 AliiseribuntMitio,
622 2671 696 2746 quod
783 2675 828 2727 28.
846 2674 948 2726 Dicrmt.
961 2673 992 2728 C·
1010 2673 1045 2726 G.
1056 2692 1092 2727 m.
1102 2693 1163 2745 sup.
1174 2674 1256 2745 serip.

178 2751 308 2808 derivant
321 2773 338 2807 a
350 2758 421 2806 mits's.
739 2753 826 2824 vulgo.
841 2777 882 2788 -
895 2755 1010 2821 Profecto
1024 2754 1069 2806 hoc
1087 2773 1144 2806 vere
1162 2754 1256 2807 dicunt.

217 2836 265 2887 26.
287 2832 394 2886 Stome!
411 2832 520 2887 Sublata
532 2851 598 2886 rooe
614 2833 697 2886 Micio
739 2833 756 2886 J
759 2851 826 2904 unge
836 2835 962 2904 profecto,
973 2852 1035 2887 cum
1050 2853 1107 2886 nere
1117 2855 1128 2896 ,·
1140 2847 1165 2887 et
1173 2835 1260 2888 dieunt

173 2913 319 2968 Storaeem
332 2932 348 2966 e
370 2913 482 2968 servulis
502 2931 587 2967 unum
600 2926 677 2968 vocat
688 2934 696 2982 ;
739 2912 870 2984 intellige,
880 2933 931 2984 pro
938 2915 1013 2984 vulgo
1019 2913 1186 2967 dicisum-Sa·
1194 2913 1259 2966 absis

174 3012 233 3066 qno
255 3013 315 3046 non
346 2991 542 3066 respondente,
574 2994 698 3065 intelligit
740 2997 847 3062 rupium
859 3005 903 3046 aut
910 2994 951 3046 ubi
961 2998 1072 3048 sicessos.
1084 2993 1130 3047 «si
1142 2995 1219 3061 absis,
1228 2995 1258 3048 in

175 3072 303 3127 nondum
316 3071 427 3126 rediisse
439 3073 525 3126 filium
540 3073 697 3127 :Storecem
741 3071 886 3145 quemdam
905 3074 994 3126 locum
1007 3075 1158 3146 profectus;
1170 3087 1217 3128 aut
1235 3075 1258 3128 si

175 3155 250 3207 enim
261 3151 475 3208 huicedcoenam
485 3153 559 3206 eunti
570 3154 698 3207 comitem
740 3153 769 3206 in
785 3151 903 3224 quodem
912 3155 973 3206 loeo
986 3154 1100 3206 nimium
1114 3152 1161 3207 diu
1169 3173 1258 3208 more·

175 3231 305 3299 dederat,
315 3245 343 3286 et
352 3233 418 3286 elios
430 3245 520 3304 posteo
531 3251 620 3286 servos
634 3233 698 3287 emi·
740 3233 803 3286 ris.»
817 3230 890 3288 Illud
902 3233 1127 3305 ergonobisinter
1137 3232 1258 3288 heoduo

174 3327 261 3379 serat,
273 3312 441 3386 quiobviem
450 3312 534 3378 irent,
547 3326 573 3366 et
586 3331 698 3367 eumre·
741 3311 850 3366 ridetur
872 3313 1012 3373 interesse,
1027 3312 1103 3385 quod
1123 3314 1151 3366 in
1171 3313 1259 3383 priori

174 3392 319 3448 ducerent
331 3393 438 3464 Ergose
448 3392 563 3463 oolligit,
576 3406 602 3446 et
609 3411 698 3446 secum
741 3411 802 3446 casu
815 3393 948 3447 nesciatur
963 3394 1010 3447 uhi
1025 3394 1150 3462 verseris,
1163 3393 1192 3446 in
1207 3412 1260 3465 po·

175 3472 699 3546 qnasidieiteequresequuntnr:·Non
740 3473 846 3527 nteriori
871 3486 974 3539 eutem,
997 3473 1130 3527 nesciatur
1150 3473 1258 3546 quando

174 3555 266 3618 rediit,
277 3567 329 3608 eto.
343 3576 356 3598 ι
367 3585 408 3596 -
417 3552 446 3606 A
457 3552 699 3614 ceramensium
741 3553 776 3606 sis
790 3551 935 3606 rediturus,

173 3635 219 3689 eni
232 3633 324 3689 adfuit
334 3650 399 3686 eum
411 3631 546 3686 sodalibus
558 3633 611 3686 suis
618 3651 626 3698 ;
640 3631 701 3686 vid.
783 3651 828 3702 ²9·
843 3632 899 3686 Aut
910 3633 960 3687 ubi.
982 3635 1080 3688 Donet.
1101 3634 1147 3686 Br.
1166 3635 1261 3706 legunt

173 3733 246 3770 sem.
257 3734 314 3786 seq.
324 3725 480 3767 narrantem
491 3713 619 3766 Demeam
630 3731 699 3784 quo·
743 3713 784 3766 ibt
792 3713 985 3768 -Evenireee
994 3712 1068 3767 Edit.
1079 3733 1205 3782 anonym.
1215 3712 1262 3768 ad·

174 3795 259 3850 modo
271 3813 330 3848 sese
341 3793 400 3847 hec
416 3810 492 3846 coena
505 3792 639 3848 hebuerit¹
742 3791 783 3846 dit
798 3792 861 3856 tibi,-
881 3813 940 3866 que
959 3792 1065 3848 videtur
1083 3795 1186 3847 Perleto
1206 3813 1261 3848 esse

208 3896 257 3949 ²7·
266 3873 544 3952 Advorsum,obyiam‚
551 3871 700 3927 Siodieitur
742 3873 834 3945 glossa.
844 3874 980 3927 —Satc'us
990 3875 1080 3927 Minus
1091 3873 1261 3929 damnosum.

170 3955 205 4011 de
217 3957 320 4022 nervis,
328 3953 378 4028 qui
391 3953 521 4016 veniunt,
534 3964 566 4005 nt
574 3951 699 4007 dominos
784 3960 828 4006 30.
841 3955 873 4005 In
889 3965 929 4018 te,
952 3954 1035 4008 scilic.
1050 3956 1204 4020 absentem,
1217 3967 1262 4008 eut

168 4050 268 4093 statuto
279 4051 410 4108 tempore
419 4046 447 4086 et
456 4032 518 4085 loeo
528 4030 638 4086 domum
650 4030 699 4085 du·
745 4045 899 4087 cessantem.

167 4132 244 4185 canu
262 4115 343 4172 unde
359 4115 414 4188 ipsi
437 4113 594 4166 advorsitores
607 4114 700 4185 appel·
786 4114 834 4167 31.
849 4115 909 4166 Par.
927 4117 1038 4185 propitii.
1054 4117 1113 4169 Ien.
1136 4113 1195 4168 cod.
1213 4112 1260 4166 ad·
1293 4163 1298 4184 ,

168 4201 271 4268 lentur,
285 4212 317 4252 nt
335 4195 444 4250 indicet
455 4195 583 4248 Donatus.
745 4192 785 4247 dit
803 4194 945 4257 declarasse,
957 4193 1128 4248 subdititium
1144 4193 1260 4264 videtur.¹
