3120 5178
345 520 409 590 28*
540 518 748 595 ‚PUBLII
775 515 1034 586 TERENTII
1062 515 1183 584 dFRI

342 651 420 720 Non
439 649 485 718 nil
504 647 641 718 molesta
657 649 734 718 rhaec
756 662 833 717 sunt
854 647 954 734 mihi3
969 647 1026 716 sed
1047 648 1238 734 ostendere,
1316 653 1320 661 '

343 752 506 851 Me'aegre
525 757 612 850 pati,
631 754 677 824 ilii
694 754 796 823 nolui.
811 755 899 824 Nam
918 756 963 824 ita
977 752 1018 824 'st
1034 754 1155 824 homo:

344 864 457 952 Quum
480 861 594 957 placo,
616 861 776 930 adversor
794 859 927 947 sedulo,
944 875 978 928 et
996 859 1156 928 deterreo.
1375 883 1411 929 »e

342 972 468 1038 Tamen
490 971 544 1036 vix
567 969 712 1038 humane
732 969 878 1061 patitur:
899 991 1014 1036 verum
1034 969 1062 1036 si
1080 989 1235 1060 augeam,
1271 1005 1273 1008 ·

344 1079 413 1144 Aut
434 1075 534 1144 etiam
555 1074 687 1168 adjutor
707 1076 768 1143 sim
787 1074 858 1167 ejus
873 1072 1071 1157 iracundiae,

344 1184 509 1252 insaniam
530 1181 681 1276 profecto
698 1206 774 1250 cunr
793 1179 869 1266 ilio;
884 1181 946 1249 etsi
959 1179 1134 1248 AEschinus

344 1291 423 1358 Non
439 1286 563 1357 nuliam
581 1289 614 1355 in
633 1287 696 1356 hac
716 1312 752 1356 re
769 1287 864 1356 nobis
883 1287 964 1356 facit
982 1285 1147 1379 injuriam.

344 1396 454 1484 Quam
472 1394 528 1464 hic
543 1419 611 1462 non
625 1396 749 1463 amavit
762 1391 990 1463 meretricem?
1002 1396 1070 1461 Aut
1083 1393 1136 1462 cui
1153 1417 1221 1459 non
1234 1391 1328 1462 dedit
1374 1420 1413 1460 ιεο

344 1499 500 1595 Aliquid?
517 1503 688 1570 Postremo
708 1525 814 1595 nuper
828 1493 963 1586 (credo,
974 1500 1041 1592 jam
1057 1499 1206 1568 omnium

344 1596 544 1698 Taedebat),
564 1607 645 1675 dixit
663 1605 747 1675 velie
768 1631 906 1675 uxorem
930 1606 1061 1674 ducere.

344 1786 458 1841 admisce
478 1807 537 1840 suns
551 1806 654 1840 aucune
667 1787 826 1841 restrictior.
842 1813 854 1836 ι
895 1789 949 1857 jam
964 1800 1021 1838 onte
1041 1786 1093 1856 aiij.
1113 1783 1192 1838 Both.
1213 1786 1298 1857 rejicit
1321 1798 1364 1838 aut
1384 1787 1412 1837 in

346 1869 437 1920 Minus
451 1880 541 1920 autem
561 1869 667 1937 placent
683 1867 711 1919 in
727 1868 858 1940 interpre·
900 1885 1006 1920 versum
1029 1869 1096 1931 146,
1116 1879 1142 1919 et
1165 1865 1237 1918 hrme
1256 1882 1361 1918 versum
1378 1866 1416 1918 its

348 1945 428 2000 tando
457 1949 504 2018 qui
525 1945 690 2000 subaudiunt
715 1965 811 2010 aarum
833 1959 860 2000 et
901 1946 1086 2016 scribitzAdj.
1100 1948 1172 1998 etiam
1185 1949 1263 1997 sime.
1278 1948 1295 1997 ἱ.
1309 1945 1415 1998 -Ad-

347 2027 481 2098 praecipue
499 2030 632 2090 Donatus,
653 2026 700 2096 qui
724 2028 859 2098 explicat:
897 2029 967 2096 juror
979 2031 1023 2078 sim
1036 2031 1086 2095 ejus
1097 2025 1238 2078 iracundie.
1256 2024 1327 2078 Dum
1338 2039 1415 2077 uem·

348 2131 359 2152 ι
369 2107 425 2159 Nec
433 2105 629 2160 contemnenda
639 2119 701 2159 sunt
712 2125 771 2177 quse
780 2105 861 2173 dicit,
901 2125 937 2178 pe
948 2105 986 2159 illi
998 2105 1150 2178 objurganti
1165 2104 1333 2170 assentirem,
1343 2104 1415 2158 etsie

348 2206 398 2241 nec
420 2186 509 2240 omnia
525 2185 590 2239 dicit
609 2199 705 2240 tumen.
726 2187 784 2239 Hoc
806 2200 859 2250 est,
903 2186 1018 2238 habenas
1031 2186 1222 2257 permitterem.

349 2286 405 2320 nou
416 2266 471 2320 sola
484 2280 546 2319 sunt
558 2285 617 2337 ques
631 2263 712 2332 dicit,
722 2265 769 2320 sed
781 2267 862 2320 mults
947 2268 1012 2329 148.
1027 2267 1150 2318 Imaniam
1166 2265 1274 2334 profecto
1293 2283 1346 2314 cum
1364 2265 1414 2318 illc.

351 2347 409 2400 alia.
423 2372 435 2393 ι
903 2346 991 2398 Ambo
1002 2345 1127 2398 fieremus
1146 2344 1246 2407 insani3
1265 2361 1314 2413 ego
1331 2342 1417 2395 homi·

394 2426 456 2488 143.
472 2427 564 2477 Tamen
576 2445 625 2478 non
636 2425 673 2477 nil
681 2425 779 2478 molesta
793 2427 860 2490 dccc,
903 2422 1157 2490 nemaccendend03
1166 2424 1209 2476 ille
1217 2441 1295 2495 supra
1303 2420 1416 2476 modum

350 2520 399 2559 etc.
411 2505 532 2558 Dacieria
539 2506 583 2558 hic
592 2503 701 2558 adnotat
706 2505 844 2577 ingeniose
854 2525 861 2558 τ
904 2503 1051 2558 irascendo.

350 2608 361 2628 ⁸
377 2587 497 2639 Terence
508 2586 555 2637 fnit
566 2586 634 2638 ainsi
647 2585 734 2656 parler
749 2585 863 2650 Midon,
949 2591 1013 2654 149.
1027 2586 1109 2638 Facit.
1124 2583 1212 2638 Guelf.
1229 2603 1262 2649 1,
1270 2585 1360 2650 saciat.
1377 2613 1418 2626 -

350 2684 421 2735 pour
434 2665 561 2718 satisfaire
575 2665 612 2718 les
625 2678 799 2737 spectatam,
816 2666 863 2736 qui
904 2664 936 2716 In
949 2666 994 2716 isac
1009 2684 1043 2718 re.
1058 2665 1101 2718 Cf.
1120 2683 1217 2734 supra,
1239 2667 1293 2733 89,
1315 2681 1359 2730 90·
1377 2692 1417 2706 —

348 2745 469 2798 auroient
486 2748 580 2798 trouve
596 2747 713 2798 manrais
733 2745 798 2818 qu'il
818 2746 864 2798 erit
905 2745 994 2809 Quam
1005 2757 1093 2797 autem
1108 2744 1179 2796 mitis
1188 2745 1222 2797 sit
1232 2742 1417 2814 reprehensio,

351 2823 452 2878 ditdcs
465 2824 558 2878 choses
574 2825 621 2895 qui
638 2827 782 2896 pouvaient
797 2825 863 2878 faire
905 2835 932 2878 et
950 2825 1003 2877 hoc
1025 2825 1084 2896 ipso
1109 2823 1209 2893 grania¹
1233 2820 1420 2876 animadvertit

350 2923 387 2956 un
401 2905 593 2957 tres-mechom
605 2905 669 2958 effer
686 2905 751 2959 dens
763 2905 865 2975 l’esprit
905 2905 1033 2975 exquisite
1044 2907 1180 2970 Donatum
1189 2923 1251 2956 nam
1265 2906 1318 2966 etsi,
1331 2913 1359 2954 et
1369 2919 1418 2954 non

351 2982 397 3036 des
409 2985 501 3054 jeunes
513 3003 592 3055 gens,
606 2985 644 3037 s’il
653 2983 724 3039 n'eirt
734 2987 821 3057 ajout&
833 3001 863 3037 ce
905 2985 996 3036 trullam
1018 2985 1102 3046 nobis,
1119 2993 1327 3054 temperamento
1352 2992 1415 3034 eunt

350 3065 484 3116 correctis.
501 3089 511 3110 ι
905 3065 999 3136 posita.

395 3149 456 3206 144.
469 3143 512 3194 Me
524 3163 589 3213 oegre
597 3149 661 3211 pati.
678 3145 788 3198 Constat
800 3163 863 3215 ergo
949 3150 1010 3198 150.
1026 3137 1106 3214 Quam
1121 3145 1159 3194 liic
1176 3162 1225 3194 non
1239 3144 1329 3194 amavit
1344 3159 1418 3191 mere·

351 3241 416 3292 oegre
425 3227 499 3292 path·
510 3242 571 3275 nam
584 3224 661 3276 aliter
675 3244 729 3276 non
745 3237 801 3278 erat
816 3243 863 3294 pa·
907 3227 1009 3275 tricem?
1022 3223 1111 3275 Etiam
1122 3239 1205 3294 quum
1219 3234 1321 3275 accusat
1333 3232 1418 3289 pater,

350 3320 418 3355 rens.
434 3304 526 3355 Donat.
540 3305 660 3356 -Nam
679 3308 713 3356 ita
735 3317 771 3356 est
785 3305 862 3356 Ιιοηιο.
905 3322 966 3356 cum
982 3303 1059 3356 venia
1068 3302 1132 3355 facit
1143 3315 1169 3354 et
1179 3299 1340 3355 defensione.
1350 3299 1423 3353 Nsni

350 3382 391 3434 De
406 3382 505 3436 Demea
515 3382 644 3454 loquitur.
906 3382 994 3440 coiere
1001 3382 1166 3436 meretricem
1172 3394 1270 3435 nonest
1276 3366 1420 3451 flagitium

394 3461 459 3524 145.
476 3464 557 3532 Quum
566 3463 640 3534 placo
648 3505 655 3529 ,
671 3463 785 3516 adversor
793 3463 863 3514 sedu-
906 3475 932 3515 et
945 3462 1024 3516 simul
1039 3462 1119 3514 etium
1135 3461 1231 3515 vittate
1243 3459 1356 3532 virginis
1371 3457 1420 3511 ad·

351 3541 382 3592 Io.
400 3542 479 3594 Both.
492 3561 561 3614 quum
572 3544 646 3614 plane
659 3543 714 3596 cdv.
724 3573 764 3584 -
783 3543 864 3610 Qursm
906 3542 959 3595 huc
971 3543 1078 3612 ignarus
1090 3539 1240 3594 ostenditur
1257 3540 1347 3593 Micio.
1364 3539 1420 3590 Do·

347 3622 429 3690 placo.
445 3622 513 3687 Pro,
526 3641 597 3694 quum
607 3625 706 3694 placare
718 3623 783 3675 volo.
799 3621 864 3675 Sen-
905 3634 957 3675 nat.
967 3653 1007 3668 -
1019 3621 1067 3674 Cui
1079 3640 1127 3673 non
1136 3621 1204 3674 dedit
1215 3621 1315 3693 aliquid
1326 3619 1420 3671 Dicen-

351 3719 412 3753 sus:
428 3720 510 3773 quum
524 3704 628 3772 placare
641 3704 719 3767 volo,
734 3703 758 3756 ei
775 3721 806 3755 ex
822 3703 864 3755 in·
907 3701 995 3754 docui
1010 3713 1036 3754 et
1054 3701 1162 3774 aliquid,
1184 3715 1291 3773 paterne
1310 3711 1420 3772 prseter-

351 3779 452 3834 dustria
474 3800 607 3853 repugno,
633 3794 659 3835 et
681 3801 729 3854 per
752 3782 804 3835 vim
833 3801 863 3834 ac
908 3780 1420 3846 misit‚relmeretrieem‚relnumerum.

351 3874 450 3913 metum
461 3861 495 3914 ab
507 3862 547 3914 ira
562 3881 666 3915 revoco.
907 3863 1001 3914 Donat.

395 3944 459 4004 146.
481 3941 589 4004 Tamen,
615 3955 641 3994 et
661 3954 762 3998 tamen.
785 3941 862 3995 etiam
952 3941 1143 3995 151.Omnium
1155 3941 1337 4004 mereuieum3
1353 3939 1423 3990 sieut

351 4032 417 4072 tum.
428 4053 467 4062 -
481 4021 608 4084 Humane,
622 4022 725 4075 leniter.
741 4053 780 4064 -
794 4024 864 4074 Pati·
908 4022 936 4074 in
945 4022 1068 4075 Eunuch.
1084 4039 1139 4091 ²97
1156 4039 1213 4092 sqq.
1228 4017 1344 4072 «Tuder
1353 4036 1424 4088 quu-

352 4111 403 4163 (αν,
424 4119 451 4152 se
467 4101 573 4171 placari.
807 4125 810 4130 ·
909 4100 1068 4155 tidisnurum
1082 4102 1178 4154 hanun
1192 4102 1347 4153 formarum.
1362 4121 1373 4143 ι·

394 4180 863 4250 147.Areteriamrdjumr.Guels.s,
953 4184 1016 4236 152.
1042 4183 1116 4234 Dicit
1132 4181 1203 4234 vella.
1226 4179 1315 4233 Guels.
1339 4197 1369 4241 r,
1396 4198 1425 4242 a,
