3016 5182
271 537 526 606 nnonnno.
555 541 662 608 nnn.
690 540 743 625 11,
771 540 840 607 sc.
868 538 934 606 nv.
1061 535 1129 605 281

99 675 129 740 Η.
141 673 204 764 Ego
221 667 334 738 sedulo
350 669 442 738 hunc
455 668 574 740 dixisse
592 670 715 758 crcd03
739 694 858 739 verum
881 672 927 738 ita
944 682 1010 754 est,

97 779 169 866 Quot
184 776 351 861 homines,
372 790 424 845 tot
438 779 627 846 sententiae:
648 802 727 846 suus
748 778 867 871 cuique
888 799 971 844 mos.

95 885 161 952 Mihi
173 907 238 951 non
256 882 407 970 videtur,
422 882 513 977 quod
533 885 574 954 sit
594 883 718 953 factum
731 879 880 977 legibus,
1102 907 1140 955 os

95 988 224 1059 Rescindi
238 1013 351 1083 posse,
366 1002 401 1057 et
416 1004 514 1084 turpe
529 991 665 1084 inceptu
681 1004 741 1059 est.
757 991 823 1059 ΒΕ.
838 990 920 1077 Dic,
938 989 1043 1057 Crito.

19 1165 20 1192 p
94 1100 157 1166 Cnr.
177 1097 247 1189 Ego
265 1094 408 1190 amplius
429 1094 678 1165 deliberandum
701 1119 831 1165 censeo.

19 1203 20 1214 ’
93 1204 145 1271 Res
156 1225 269 1296 magna
284 1215 343 1270 cst.
358 1203 400 1270 H.
418 1201 589 1296 Numquid
603 1227 664 1272 nos
680 1204 730 1272 vis
741 1201 756 1271 P
769 1204 837 1271 Dr..
852 1201 987 1270 Fecistis
996 1198 1111 1296 probe.

19 1389 20 1394 ἵ
93 1309 232 1377 Incertior
246 1331 319 1375 sum
340 1305 445 1376 multo
465 1308 718 1402 quamdudum.
743 1311 787 1380 G.
807 1308 942 1402 Negant

18 1397 21 1504 f
93 1413 214 1484 Redisse.
229 1416 294 1482 Dn.
313 1415 428 1484 Frater
443 1429 494 1484 est
508 1414 748 1510 exspectandus
765 1414 857 1484 mihi.
1096 1435 1135 1481 cco

18 1519 20 1610 ᾗ
92 1524 118 1590 ls
130 1519 209 1615 quod
225 1518 306 1588 mihi
325 1519 453 1590 dederit
472 1519 595 1590 dehac
614 1545 649 1590 rc
666 1520 863 1604 consitium,
884 1519 919 1588 id
930 1543 1057 1615 sequar.

18 1619 20 1658 ²
95 1629 305 1696 Percontatum
318 1625 374 1695 ibo
389 1626 432 1695 ad
445 1641 596 1722 portum,
617 1627 726 1721 quoad
745 1647 779 1697 s'e
791 1627 938 1722 recipiat.

96 1735 231 1828 G.Atego
240 1731 467 1827 Antiphonem
478 1757 640 1828 quaeram,
656 1734 925 1832 utquaeactahic
937 1733 1018 1820 sint,
1028 1732 1118 1802 sciat.

96 1839 142 1908 Sed
158 1865 268 1910 eccum
284 1841 393 1934 ipsum
410 1838 509 1909 video
529 1841 564 1908 in
581 1855 730 1937 tempore
747 1841 815 1910 huc
835 1865 871 1910 se
890 1839 1046 1934 recipere.

93 2039 160 2092 puin.
174 2053 207 2062 —
217 2025 286 2074 Dixi.
302 2021 365 2074 Haec
378 2040 439 2075 men
451 2022 581 2076 sententie
626 2042 675 2095 per
693 2021 841 2089 comoedin,
858 2022 1022 2076 inducuntur
1041 2021 1140 2093 pariter

93 2111 129 2152 ut·
626 2120 680 2154 non
693 2101 831 2168 advocati,
850 2101 894 2154 sed
910 2099 1021 2168 medici,
1034 2101 1095 2173 qui,
1109 2112 1140 2152 ut

121 2179 168 2242 453.
178 2184 279 2243 Sedulo,
291 2179 438 2247 benevole,
450 2199 483 2234 ex
499 2179 582 2234 animi
625 2179 670 2234 hic
689 2181 732 2244 fit,
745 2181 796 2234 sibi
815 2181 928 2234 invicem
945 2179 1072 2252 loquendi
1092 2179 1141 2234 ini·

91 2260 208 2312 tenentia.
625 2260 691 2313 tium
725 2262 880 2333 olnequioce
911 2260 1045 2316 deferunt.
1071 2259 1140 2312 Vide

119 2339 168 2402 454.
191 2343 285 2406 Cuique
305 2359 369 2390 mos.
393 2337 479 2393 Codd.
506 2339 580 2412 qnid.
627 2340 722 2403 noter,
734 2339 853 2393 fabulam
868 2339 914 2392 cit.
928 2352 979 2393 act.
993 2341 1046 2405 IV,
1061 2339 1120 2391 init.

90 2417 162 2470 west
175 2417 232 2471 edd.
245 2433 290 2470 est.
662 2423 723 2484 460.
747 2426 811 2490 Ναὸν.
837 2424 937 2472 redisse.
960 2418 1141 2489 Antiphonem

17 2499 18 2538 i
118 2497 168 2559 456.
177 2503 267 2566 lnccpc.
283 2495 333 2549 Ed.
344 2497 431 2550 Anon.
442 2508 468 2549 et
483 2497 532 2550 Ed.
544 2515 582 2568 pr.
626 2515 735 2568 nempe,
753 2518 832 2571 quem
858 2499 1069 2570 conquirendum
1090 2497 1141 2548 De·

89 2580 198 2644 receperim.
213 2608 247 2619 -
260 2581 338 2646 Turpe
350 2579 447 2645 inceptu
460 2593 502 2630 esc.
521 2579 582 2632 Non
626 2578 720 2650 mipho
736 2580 910 2634 mundaverat
929 2577 1073 2640 Phaedria,
1094 2595 1139 2630 cn·

88 2657 255 2709 mhonesrum
266 2669 369 2710 tentare
381 2655 418 2708 id.
625 2677 675 2730 pro
689 2677 726 2710 vc.
742 2659 801 2726 309.
813 2664 956 2722 -Fraeer,
970 2659 1107 2711 Chremen.

117 2733 168 2794 458.
178 2741 277 2805 Magna.
292 2735 384 2806 Magni
397 2735 534 2788 momenti.
546 2766 582 2775 —
662 2741 722 2802 462.
734 2733 875 2789 Deden'ede
888 2739 937 2788 hac
952 2757 987 2789 re.
997 2738 1051 2789 Un.
1066 2736 1140 2788 Bent.

87 2813 583 2882 -quuidnoscvisrtbiturientinm,
625 2815 685 2870 cod.
706 2817 799 2870 colioc.
819 2821 850 2868 de
869 2819 917 2868 dac
934 2836 961 2867 re
975 2819 1030 2868 ded.
1051 2846 1079 2856 ·—
1098 2822 1141 2866 Se·

87 2893 154 2945 nteit
166 2895 286 2956 Ccscub.,
299 2893 423 2946 formula.
627 2916 696 2965 quar.
708 2896 768 2948 Lib.
780 2907 834 2948 ant.
845 2915 977 2963 exsequar.
989 2895 1039 2948 Hic
1049 2913 1140 2947 vernus

114 2973 292 3042 459.1nc.sum
305 2977 382 3025 meilen
395 2978 582 3042 quamdudum.
626 2977 682 3028 fere
700 2975 769 3028 idern
788 2987 841 3041 est,
859 2974 947 3045 quiin
961 2973 1014 3028 Ad.
1030 2973 1090 3026 ⁵01.
1105 3004 1135 3013 -

16 3073 18 3108 ᾗ
85 3049 143 3102 Item
165 3052 231 3122 apud
251 3063 397 3107 nostratem
422 3053 582 3120 Molerium,
628 3058 717 3121 Quoad
733 3075 759 3106 sc
780 3057 888 3124 recipiat.
902 3053 1081 3120 Quandonnm
1098 3071 1139 3105 re·

84 3143 148 3198 peter
165 3131 265 3202 quidam
289 3143 429 3204 postquem
447 3133 582 3185 consuluit
626 3132 731 3188 diturus
744 3135 785 3186 eit.

83 3208 112 3261 de
120 3209 179 3263 filie
191 3229 239 3264 sne
254 3212 347 3264 morbo
360 3229 367 3264 :
383 3217 509 3262 L'Amonr
525 3215 581 3263 Me·
662 3213 721 3277 463.
732 3215 778 3266 Hic
786 3217 843 3264 sint.
854 3213 912 3265 Lib.
923 3223 977 3265 ant.
988 3215 1027 3264 iric
1035 3226 1139 3264 sunt.-

83 3293 159 3355 decia,
168 3304 217 3343 act.
228 3291 270 3354 11,
280 3309 318 3344 ec.
328 3309 384 3344 vrr:
395 3289 580 3344 Somnnnnnn.
627 3299 659 3343 At
668 3311 726 3360 ego,
737 3304 786 3343 etc.
800 3291 863 3342 Hec
874 3309 964 3344 secum
975 3290 1051 3344 Geta.

82 3373 135 3420 ιΜο
148 3374 215 3422 voild
223 3375 357 3439 justement
368 3391 401 3422 un
411 3390 461 3440 peu
471 3376 531 3440 plus
544 3374 582 3422 in·
661 3373 721 3435 464.
742 3377 851 3435 Eccum,
872 3389 921 3442 pro
943 3391 999 3423 ecce
1020 3391 1088 3434 enm,
1109 3383 1139 3423 nt

81 3453 164 3501 certain
172 3451 372 3519 qn'auparavant.
382 3477 394 3497 υ
406 3451 438 3504 ln
448 3470 502 3524 qua
511 3451 582 3504 incn-
626 3471 704 3525 cepe.
718 3483 752 3496 -
764 3458 794 3504 In
809 3467 928 3521 tempore,
943 3465 1101 3527 opportune.
