3016 5182
352 461 445 595 '346
580 509 787 580 runnu
811 511 1058 583 runnurn
1083 511 1206 580 Arni

371 646 414 712 N.
450 639 552 713 Satin’
576 641 636 817 [gri
656 641 727 713 est?
751 645 817 713 Cn.
843 645 952 714 Immo
972 667 1053 714 vero
1074 643 1214 740 pulchre
1238 643 1374 714 discedo
1404 659 1431 712 et

527 773 589 843 pro
614 774 656 836 e,

369 858 413 925 Et
434 869 554 951 praeter
581 879 683 950 spem.
701 857 746 927 Ν.
771 857 824 925 Tu
846 855 907 927 tibi
926 881 1049 930 nomen
1069 856 1124 927 dic
1146 857 1237 952 quod
1259 855 1330 927 est?
1344 859 1429 926 Pno'.

529 959 674 1032 Mihtn’t
696 962 872 1051 Phormio,

370 1069 497 1138 Vestrae
519 1066 648 1138 familiae
666 1069 778 1139 hercle
799 1071 943 1153 amicus,
966 1084 1001 1137 et
1018 1082 1077 1139 tuo
1098 1093 1250 1146 summus
1267 1068 1429 1140 Phaedriae.

371 1177 414 1246 N.
431 1175 606 1261 Phormio,
624 1188 659 1245 at
676 1201 739 1272 ego
756 1191 885 1248 ecastor
901 1175 1042 1270 posthac
1057 1177 1131 1265 tibi,
1145 1176 1236 1272 quod
1251 1191 1389 1272 potero,
1404 1190 1432 1245 et

531 1305 605 1375 quae
625 1279 734 1370 voles,
818 1327 821 1333 ,

297 1405 309 1413 ·
371 1387 567 1481 Faciamque
593 1402 628 1457 et
651 1387 768 1458 dicam.
789 1392 876 1460 Pno.
901 1390 1048 1484 Benigne
1066 1388 1158 1458 dicis.
1187 1391 1230 1464 N.
1258 1385 1320 1458 Pol
1340 1388 1429 1457 rueri-

532 1500 602 1562 tum
617 1493 657 1564 ’st
676 1509 782 1566 tuum.
1387 1511 1431 1550 10⁵0

371 1601 458 1668 ΡΗο.
488 1601 564 1669 Vin’
582 1603 728 1696 primum
752 1601 853 1672 hodie
876 1599 1010 1687 facere,
1041 1599 1131 1695 quod
1162 1623 1225 1695 ego
1258 1599 1430 1696 gaudeam,

531 1709 747 1796 Nausistrata,
1303 1789 1307 1796 ,

370 1814 415 1881 Et
432 1812 522 1907 quod
544 1827 603 1883 tuo
628 1815 701 1884 viro
722 1813 810 1884 oculi
828 1811 984 1884 doleant?
1001 1816 1043 1881 N.
1070 1814 1190 1908 Cupio.
1210 1815 1300 1881 Pno.
1322 1813 1379 1881 Me
1395 1811 1431 1880 ad

532 1941 660 1989 ooenam
679 1943 771 1990 voca.
1124 1929 1127 1938 ’
1377 1969 1384 1978 -

272 2031 273 2034 ’
372 2027 416 2094 N.
444 2024 503 2094 Pol
523 2049 604 2096 vero
624 2051 718 2097 voco.
740 2031 805 2097 Du.
824 2029 948 2098 Eamus
966 2029 1054 2096 intro
1072 2026 1161 2096 hine.
1181 2029 1249 2096 CH.
1271 2027 1357 2108 Fiat3
1381 2023 1431 2094 sed

532 2132 590 2201 ubi
610 2147 660 2203 est
677 2133 844 2220 Phaedria,

373 2311 483 2370 propter
504 2298 638 2352 blanditur
650 2299 835 2363 Nausistrata,
854 2311 884 2352 ut
927 2295 1010 2352 menti
1027 2297 1095 2352 circa
1110 2295 1251 2350 inferiores
1267 2296 1393 2362 hocfuit,
1408 2309 1432 2349 ut

372 2379 405 2431 ab
413 2397 444 2432 ea
450 2392 560 2432 vocetur
568 2378 602 2433 ad
609 2399 718 2434 coenam.
727 2381 785 2434 Hoc
794 2393 883 2435 autem
926 2379 1036 2430 nornine
1045 2396 1136 2430 eorum
1145 2390 1309 2451 quaerereut3
1320 2390 1346 2431 et
1356 2395 1431 2449 quum

371 2475 452 2528 supra
464 2459 569 2513 volebat
584 2456 699 2514 dicendo
707 2499 714 2524 ,
723 2464 783 2512 milri
788 2464 883 2532 prospi-
927 2454 1073 2521 audissent,
1081 2459 1144 2530 ipsis
1153 2457 1307 2511 nominibus
1319 2475 1361 2510 eos
1370 2475 1433 2510 cona·

372 2543 443 2590 ciam.
453 2537 496 2590 Cf.
515 2557 553 2590 vs.
571 2539 647 2594 1035.
926 2539 1055 2610 pellerent
1064 2538 1163 2593 statim.
1176 2544 1268 2590 Donat.

412 2620 488 2682 1946.
503 2621 583 2670 Satin'
596 2623 639 2670 tibi
651 2634 695 2672 est.
715 2619 756 2672 ΑΙ.
770 2623 830 2672 satis
840 2621 880 2684 id,
965 2620 1040 2681 1048.
1056 2625 1156 2671 Vestra.
1171 2615 1214 2670 sic
1227 2615 1311 2680 dixit,
1332 2629 1432 2688 propter

375 2698 472 2751 omisso
480 2699 529 2749 tibi.
543 2697 617 2750 Bent.
630 2697 690 2751 add.
703 2701 801 2751 Chreme
821 2711 882 2772 post
926 2695 1431 2769 Antiphonisamicitiam.-1tto.Snpp.

373 2793 421 2841 ese,
439 2788 532 2830 contra
542 2775 620 2830 codd.
631 2809 665 2818 -
678 2779 755 2830 Satin'
769 2781 812 2832 tibi
825 2789 882 2834 est?
927 2775 1151 2839 filiu-Summus,
1170 2775 1351 2829 amicissimus.

374 2859 436 2912 Huc
445 2855 480 2910 ad
488 2858 613 2910 maritum
624 2855 689 2910 dicit
700 2857 829 2923 Sostrata,
842 2878 883 2912 ru·
967 2857 1041 2910 10⁵0.
1053 2859 1200 2925 Faciamque
1216 2873 1249 2909 et.
1258 2857 1292 2910 C.
1301 2857 1336 2910 G.
1350 2875 1385 2908 m.
1391 2855 1432 2926 fa·

373 2951 470 3010 gatque
481 2956 516 2990 an
526 2955 583 2989 rem
591 2933 694 3009 judicio
707 2937 757 2989 filii
774 2938 884 3010 permit·
928 2939 993 2988 ciam
1002 2952 1033 2989 et.
1046 2935 1077 2990 C.
1092 2937 1127 2989 G.
1138 2936 1290 3002 eustacium
1306 2949 1385 3004 atque.
1404 2965 1431 2975 -

373 3017 478 3072 tendam
488 3036 544 3071 esse
551 3029 664 3070 censeat.
672 3016 796 3072 Chremes
804 3017 885 3090 igitur
928 3019 1039 3084 Benigne
1048 3019 1117 3068 dicis.
1124 3015 1249 3068 For-mula
1262 3015 1355 3088 gratiae
1365 3033 1433 3086 agen·

374 3096 472 3171 gaudio
488 3096 585 3160 elatus,
607 3113 690 3167 quum
707 3095 759 3149 sibi
781 3093 849 3148 nihit
869 3115 885 3149 a
929 3097 1292 3148 tium-Meritum'sttmuu.
1303 3095 1343 3148 fit
1360 3093 1431 3160 illud,

374 3177 429 3229 fitio
440 3175 612 3229 metuendum
624 3187 690 3228 esset
699 3217 706 3242 ,
713 3178 833 3246 pulchre,
848 3175 886 3229 in·
929 3185 955 3227 te
963 3185 1087 3228 merente.

374 3255 443 3329 quit,
453 3269 502 3310 etc.
517 3257 612 3325 Itaque
625 3267 731 3317 omues,
752 3273 828 3308 more
838 3255 886 3308 Te·
968 3253 1043 3308 1051.
1059 3257 1132 3322 Quod
1138 3273 1182 3322 ego
1193 3255 1274 3322 gaud.
1289 3253 1430 3326 Expleatt-

375 3334 467 3400 rentii,
499 3333 547 3408 qui
578 3333 607 3385 in
634 3333 715 3405 culpa
737 3345 783 3387 aut
811 3344 884 3386 metu
928 3331 994 3406 quid
1011 3344 1119 3405 propter
1133 3329 1207 3406 quod
1224 3351 1275 3404 ego
1293 3331 1432 3405 gaudeam,

376 3429 466 3480 erant,
487 3412 540 3466 luti
557 3413 622 3466 hinc
646 3413 760 3478 abeunt,
781 3414 885 3486 placata
928 3423 955 3465 et
965 3425 1073 3485 propter
1085 3412 1157 3485 quod
1166 3450 1175 3477 ‚
1190 3425 1240 3467 ete.

376 3495 547 3548 Nausistrata.
968 3493 1047 3546 1052.
1072 3497 1123 3544 nm
1139 3495 1213 3556 viro,
1236 3511 1273 3545 sc.
1294 3489 1433 3545 meinrita·

414 3570 800 3646 1047.Tueibi.llludtibi,quod
809 3571 884 3625 Bent.
930 3582 1027 3625 tumet
1047 3571 1251 3624 accumbentem
1270 3591 1325 3625 non
1343 3569 1432 3624 volenti

375 3653 709 3726 ecod.reg.reatituitcerto
715 3653 884 3724 probabitur.
931 3651 1028 3705 ridere.
1042 3682 1077 3692 -
1092 3653 1163 3703 Oculi
1176 3655 1288 3704 ᾰοὶιωιι.
1303 3649 1377 3717 Quod
1390 3649 1434 3702 flat

376 3737 490 3805 Apparet
496 3733 567 3786 enim
575 3733 626 3786 hoc
635 3735 680 3784 tibi
688 3733 770 3804 magis
776 3751 886 3804 respon·
929 3729 970 3782 illi
983 3727 1095 3802 ἀλγηδὼν
1109 3731 1244 3802 ὀφθαλμῶν,
1253 3743 1284 3783 ut
1293 3729 1432 3784 Graecivnl-

375 3811 439 3866 dere
450 3819 485 3883 τῷ
494 3814 554 3864 miti
563 3809 639 3882 quod
652 3811 786 3882 seqnitur,
805 3827 885 3882 quam
929 3828 973 3882 go.
985 3813 1089 3863 Cusaub.
1103 3839 1138 3849 -
1154 3815 1198 3862 Me
1211 3812 1248 3861 ad
1260 3830 1353 3862 coenam
1363 3827 1432 3858 voco.

375 3885 408 3959 τῷ
419 3907 502 3955 urum,
517 3887 886 3962 vulg.lect.—P1ronnic.floc
929 3889 1023 3942 Facete
1037 3909 1068 3944 ex
1080 3907 1192 3960 persona
1206 3889 1346 3962 parasitica
1356 3889 1432 3940 bene·

376 3971 420 4023 alii
434 3968 557 4042 rejiciunt
576 3969 603 4021 i'n
622 3988 660 4022 ve.
674 3981 839 4040 sequentem.
850 4000 886 4010 -
929 3968 983 4022 ficii
993 3968 1068 4042 optio
1081 3970 1151 4022 sacta
1164 3981 1215 4033 est,
1229 3970 1301 4044 quod
1314 3967 1432 4041 promise·

377 4056 412 4100 Tu
426 4052 470 4099 titt
479 4067 565 4099 nornen
578 4050 618 4098 dic
629 4051 698 4114 quod
705 4057 759 4099 est?
772 4049 844 4100 Bene
860 4061 886 4098 tu
930 4059 970 4102 rat
983 4047 1088 4102 mulien.
1097 4055 1190 4102 Donat.

376 4127 532 4202 pronomine
551 4127 650 4191 utitur,
666 4127 726 4196 qnia
742 4127 888 4183 nonhabet
969 4129 1045 4183 1053.
1059 4129 1246 4182 Fiatverbum
1253 4125 1303 4181 hoc
1310 4127 1431 4180 Chremeti

376 4225 482 4260 nomen.
502 4207 569 4259 Nam
590 4206 768 4277 potentiorum
787 4205 888 4261 blandi·
932 4206 1148 4263 adscribatur.-
1163 4211 1210 4260 uti
1226 4223 1261 4260 est
1276 4209 1365 4259 etoedr.
1375 4206 1435 4274 jud.
