3026 5184
287 521 542 601 PHORMIO.
570 525 685 600 Act.
711 533 745 611 Ι,
772 533 839 600 SC.
867 533 930 600 IV.
1076 531 1144 603 2535

106 667 155 737 Sed
167 655 237 761 quid
249 667 311 736 hoc
326 663 395 734 est?
411 651 541 735 videon'
561 691 625 760 ego
643 669 763 735 Getam
783 680 972 736 currentem
990 666 1057 734 huc
1080 667 1141 736 ad-

239 770 372 842 venire?

104 883 127 946 is
135 893 175 946 est
186 879 284 972 ipsus:
300 879 355 946 hei
373 879 473 946 timeo
486 879 604 963 miser,
622 901 721 971 quam
735 877 791 947 hic
814 902 903 947 nunc
919 877 999 947 mihi
1013 879 1142 947 nuntiet

237 1011 314 1054 rem.

353 1195 555 1284 senui
588 1194 865 1309 Quirini.

304 1431 432 1501 GETA.
462 1432 670 1501 ANTIPHO.
699 1431 920 1500 PHAEDRIA.

101 1639 131 1702 G.
154 1631 264 1704 Nullus
297 1659 347 1719 es,
376 1635 477 1719 Geta,
501 1633 562 1701 nisi
588 1629 722 1726 aliquod
740 1631 810 1724 jum
836 1632 1009 1701 consilium
1036 1635 1141 1706 celere

235 1741 391 1835 repperis,
477 1821 481 1827 Ι

101 1849 431 1941 lununcimparntum
442 1845 550 1914 subito
560 1855 653 1912 tanta
665 1844 1077 1939 inmeimpen'dentmala,
1104 1873 1141 1910 rs..

100 1955 165 2041 Quae
179 1978 281 2048 neque
296 1955 345 2022 uti
359 1952 501 2020 devitem
511 1952 598 2032 scio,
612 1973 719 2043 neque
730 1974 797 2044 quo
811 1950 912 2020 modo
927 1977 981 2020 me
992 1953 1069 2022 inde
1083 1979 1140 2022 ex·

233 2060 373 2129 traham.

99 2160 167 2234 Nam
180 2191 243 2258 non
258 2178 369 2261 potest
381 2163 481 2234 celari
497 2175 611 2232 nostra
624 2162 747 2231 diutius
757 2165 828 2256 jam
843 2162 990 2232 audacie.

98 2383 198 2437 ettad.
220 2382 300 2438 eodd.
323 2399 402 2455 quern
423 2397 584 2452 magnopere
628 2385 690 2445 Ita,
710 2377 810 2432 diorum
831 2398 879 2450 per
902 2380 1089 2452 epiphonema.
1107 2413 1142 2424 -

98 2464 186 2518 undant
198 2465 336 2518 lectionem
342 2467 386 2532 jur
397 2481 446 2533 pro
454 2465 515 2529 ejus.
532 2458 584 2513 sed
629 2462 701 2508 Nunc
710 2460 826 2525 impar-ar.
835 2461 911 2509 subito
921 2463 1022 2511 mutarn
1034 2481 1072 2512 me
1083 2465 1139 2529 imp.

98 2543 210 2614 vulgatam
220 2543 327 2596 Servius
335 2541 454 2594 defendit
462 2539 496 2593 nd
509 2540 584 2611 Virg.
630 2541 689 2588 mal.
702 2537 771 2590 Note
785 2537 812 2588 in
829 2555 884 2590 uno
900 2556 979 2591 verru
997 2557 1077 2611 quarn
1093 2559 1140 2612 po-

99 2621 182 2674 AEneid.
202 2623 256 2686 XI,
279 2621 340 2694 675.
365 2623 452 2671 Perlet.
474 2649 509 2660 -
527 2621 588 2686 Ejus
631 2617 711 2669 tentio
733 2617 910 2686 frequentium
931 2617 1073 2671 verborum
1086 2637 1142 2672 nro-

97 2703 222 2766 auttendi,
244 2720 295 2773 pro
325 2703 475 2752 amittendae.
507 2698 587 2750 Cons.
632 2696 795 2748 mentetua
820 2696 926 2761 (rtatim
945 2698 1144 2769 exspectationis

98 2777 176 2852 Heeyr.
194 2781 251 2850 37²·
625 2773 768 2827 'merendre
776 2785 869 2844 aptum
880 2778 943 2845 eet).
957 2780 1030 2827 Nune
1041 2781 1065 2843 (n
1075 2788 1141 2830 tern-

127 2859 175 2929 178.
188 2863 297 2911 Nuntiet.
313 2860 371 2911 len.
382 2861 530 2911 nunone—
540 2860 590 2910 Hei
633 2859 720 2926 pore).
730 2859 918 2924 Impoentttm(n
927 2866 996 2908 etntn
1004 2859 1142 2926 personne).

97 2939 155 2988 riureo
166 2941 241 2991 miser.
252 2940 314 2992 Jnm
325 2939 409 2990 turbe
420 2978 428 3002 ‚
438 2956 518 3008 quarn
531 2937 587 3009 epi·
631 2936 712 2984 Subito
724 2933 772 2998 (ab
790 2938 911 3000 eventu).
930 2940 1012 2985 Tanta
1025 2938 1054 3002 (n
1068 2953 1142 2988 eom·

97 3018 150 3068 trtin
158 3016 248 3071 dicunt
258 3015 413 3078 comedia,
424 3017 558 3089 incipiunt
570 3034 587 3069 n
630 3012 791 3084 paratione).
815 3018 847 3064 Te
860 3016 896 3080 (a
918 3012 1142 3068 demonstratione

97 3097 174 3148 nuntio
182 3096 214 3150 de
223 3097 305 3169 patrie
315 3095 440 3149 adventu.
632 3097 775 3165 pereunte).
791 3095 936 3159 Impendent
951 3095 962 3159 (
973 3112 987 3144 a
999 3111 1141 3164 reprenen-

124 3175 158 3227 So.
168 3175 215 3228 lv,
233 3177 266 3227 ln
278 3175 331 3228 hae
348 3193 428 3228 oeenn
443 3178 510 3227 nervi
523 3191 587 3226 eon·
632 3172 732 3224 tatione
741 3171 852 3241 periculi
861 3175 879 3239 ).
891 3176 963 3224 Mala
976 3177 1041 3243 (per
1049 3195 1141 3228 eumn-

95 3257 208 3308 torrentis
220 3255 342 3309 officium
356 3257 412 3318 ee't,
430 3253 541 3306 tendens
553 3252 588 3305 ad
632 3251 781 3317 lotionem).
790 3250 876 3304 Mirus
888 3251 987 3324 ubique
996 3255 1092 3308 artifex
1101 3268 1140 3309 est

96 3334 302 3400 perturbationem
320 3331 494 3404 Antiphonie,
508 3349 587 3402 quem
632 3340 708 3402 poete
722 3340 824 3394 noster,
840 3329 867 3382 in
878 3330 1028 3384 attollendis
1047 3346 1142 3388 nutre-

97 3423 183 3480 oportet
197 3414 315 3467 abessen
331 3421 473 3483 conspeetu
487 3411 586 3482 patrie,
631 3407 836 3482 praesentandis,
853 3408 1063 3481 frequentatione
1077 3431 1143 3485 que·

97 3506 167 3560 neque
183 3493 215 3545 nd
238 3493 418 3564 cognitionem
442 3508 548 3554 rernm,
563 3505 589 3544 et
631 3486 693 3542 dnm
703 3489 860 3550 verborum,
873 3491 1011 3544 sententiis
1024 3510 1083 3564 qun
1102 3496 1141 3547 ei·

97 3575 243 3644 ιαταστροφήν
255 3574 357 3626 fabule.
370 3577 464 3624 ὒοηαι.
591 3579 594 3587 “
633 3571 731 3622 sectum
747 3569 845 3620 habent
860 3581 906 3621 nut
920 3571 1029 3624 faciunt.
1042 3579 1142 3626 Boeeler.

127 3660 246 3719 179.ram
265 3655 402 3703 consilium.
424 3651 483 3703 Lib.
503 3649 586 3720 nntiq.
671 3652 727 3702 181.
739 3651 858 3711 vervicem,
873 3662 1015 3723 antequem
1029 3651 1139 3708 irruant.

96 3729 139 3790 iarn
147 3733 185 3780 eibi
195 3736 278 3784 norisii.
290 3761 326 3772 —-
335 3733 441 3797 Reperr‘s.
461 3729 504 3780 At.
521 3747 588 3794 repe·
632 3732 737 3779 -Inde
749 3732 894 3795 extraham,
904 3749 988 3800 quom
1007 3731 1141 3786 irruerint.

98 3812 154 3861 reris.
162 3815 288 3864 -Nullrrr
306 3831 347 3876 es,
366 3814 438 3860 Geta.
460 3806 590 3880 Loquitur
672 3810 730 3860 182.
740 3813 831 3859 Nostra
841 3813 899 3859 aud.
909 3809 950 3862 Cs.
960 3829 998 3860 vr.
1010 3828 1058 3862 122
1068 3831 1142 3885 seqq.

98 3885 125 3937 ad
136 3889 423 3962 temetipsum-Mill.
436 3907 469 3940 es.
478 3885 589 3938 Periieti.
634 3887 705 3940 Bene
713 3902 795 3938 nostra
809 3887 873 3939 dicit
882 3905 890 3950 ς
899 3888 961 3958 quie
974 3889 1030 3958 ipre
1042 3903 1144 3960 portem

19 3993 20 4000 .
98 3993 126 4005 -
136 3973 199 4029 lam,
213 3971 296 4023 brevi.
309 4000 345 4011 ·-
354 3973 447 4021 Celere.
460 3966 539 4019 Refer
556 3964 591 4018 nd
635 3966 777 4018 maximnm
792 3965 900 4019 ruetinet
912 3968 1011 4039 culpe,
1022 3981 1052 4021 ut
1065 3973 1146 4044 rungi-

96 4048 222 4108 mustum,-
235 4062 359 4102 neutrum
375 4058 459 4100 vetum
633 4045 910 4100 rter.—-Audaer'a.Cf.
920 4064 980 4116 enp.
994 4047 1144 4122 13401111»

19 4143 21 4208 L
130 4125 183 4177 rflo.
195 4133 224 4178 In
235 4147 279 4179 me.
290 4127 333 4180 sic
344 4127 418 4178 Bent.
430 4144 462 4178 ex
470 4123 587 4178 Aoed.C.
634 4143 667 4197 pe
682 4143 740 4196 ane
754 4127 864 4176 audacia
874 4129 993 4195 jocularis
1006 4125 1059 4179 iilic
1073 4129 1146 4182 vide·

98 4221 139 4272 pro
150 4220 173 4255 re
187 4207 257 4277 vulg.
280 4208 380 4272 Recte,
397 4204 433 4258 nit
451 4204 544 4258 Perlet.
558 4235 591 4246 «-
636 4205 728 4270 batur,
739 4221 802 4258 vern
815 4213 887 4258 nune
901 4203 969 4256 serio
982 4207 1100 4260 sentitur.
