3038 5174
390 537 454 590 vm
588 509 887 590 PRAEMONITIO
909 515 971 586 ΑΙ)
997 515 1258 588 LECTOREM.

391 643 496 712 rimus,
515 651 549 698 ut
572 637 801 698 satisfaceremus
821 636 891 696 viris
913 635 1058 696 bonarum
1082 639 1231 698 literarum
1251 640 1399 715 studiosis,
1420 655 1443 703 et

390 729 579 792 sentientibus
598 747 686 808 quam
705 729 743 786 sit
769 729 931 787 necessaria
956 730 1064 788 Indicis
1084 730 1112 788 iu
1143 743 1277 791 auctores
1300 733 1442 811 adjunctio.

392 826 636 901 Quotiescumque
655 839 715 880 vox
740 836 796 878 um
819 821 943 890 citetur,
962 822 1113 898 sequimur
1135 821 1238 882 seriem
1264 843 1351 902 quum
1378 825 1442 883 indi-

392 929 439 976 cat
450 915 524 974 ordo
536 911 742 993 grarnmaticae;
757 911 918 989 genitivus,
932 912 1016 972 verbi
1030 933 1135 986 causa,
1156 913 1285 973 dativum
1298 917 1441 990 autemdit;

393 1008 544 1088 singularis
559 1023 712 1076 numerus,
730 1003 891 1083 pluralem
908 1005 941 1064 lit
957 1007 1027 1064 item
1044 1004 1084 1064 de
1105 1005 1211 1065 verbis.
1235 1011 1378 1066 Praeterea
1394 1029 1442 1066 uun

391 1102 503 1181 agmine
522 1097 673 1158 referimus
693 1097 792 1156 omnia
807 1097 894 1156 unius
907 1095 1035 1176 ejusdem
1048 1097 1199 1157 comoedis
1210 1099 1290 1167 loca,
1308 1098 1443 1178 inquibus

391 1216 448 1254 vox
461 1193 497 1252 de
512 1212 571 1271 que
586 1192 684 1268 agitur,
691 1189 826 1249 eumdem
839 1203 946 1250 statum
957 1191 1176 1268 grammaticum
1186 1189 1285 1250 habet.

428 1286 523 1346 Facile
531 1285 600 1343 item
614 1301 770 1360 agnoscere
783 1281 893 1362 lieebit,
904 1301 993 1360 quam
1005 1282 1202 1360 periculosum
1215 1293 1245 1341 et
1258 1283 1328 1342 aleae
1338 1284 1442 1362 plenum

391 1378 480 1438 fuerit
489 1395 563 1455 opus
574 1393 665 1433 novos
676 1392 812 1432 numeros
825 1372 1004 1446 sufficiendi,
1013 1393 1069 1453 pro
1080 1374 1116 1432 iis
1127 1393 1201 1452 quos
1215 1393 1315 1433 omnes
1325 1375 1442 1454 praebent

331 1517 335 1526 .
388 1472 475 1550 vulgo
483 1468 601 1528 indices.
609 1470 685 1526 Sane
694 1485 753 1523 non
762 1467 862 1543 potuit
870 1484 929 1523 non
939 1465 1084 1544 fieri,quin
1093 1465 1354 1544 plurairrepserint
1362 1469 1441 1527 minus

385 1565 463 1643 juste
474 1559 610 1630 indicata,
617 1571 679 1616 tum
691 1572 813 1636 propter
822 1556 930 1636 laboris
938 1557 1112 1629 novitatem,
1124 1571 1186 1616 tum
1197 1558 1266 1638 quia
1279 1579 1378 1618 versus
1391 1561 1441 1639 ipse

388 1653 522 1736 pluribus
533 1650 730 1711 minoribusve
744 1649 867 1708 vocibus
880 1648 959 1731 apud
975 1650 1069 1710 varias
1086 1648 1229 1709 editiones
1242 1671 1319 1730 saepe
1331 1665 1438 1711 constat

389 1745 576 1808 Arbitramur
589 1756 685 1801 tamen
697 1743 761 1801 loca
768 1785 777 1816 ‚
786 1742 810 1802 si
824 1741 961 1801 acciderit
974 1755 1007 1800 ut
1019 1743 1093 1802 male
1107 1739 1305 1822 designentur,
1318 1765 1376 1803 non
1387 1745 1440 1824 plus

390 1861 408 1900 a
424 1860 477 1899 suo
493 1857 580 1897 versu
599 1833 736 1894 aberrare
753 1855 841 1913 quam
857 1833 894 1894 ab
916 1854 975 1893 uno
998 1848 1048 1894 aut
1069 1835 1178 1910 altero,
1202 1837 1243 1895 ita
1257 1850 1290 1895 ut
1305 1837 1393 1897 lector
1403 1838 1440 1897 rel

390 1932 478 2012 paulo
488 1930 574 1997 iufra,
580 1929 626 1985 vel
638 1928 725 2005 paulo
739 1947 843 2008 supra,
856 1929 953 1988 locum
967 1947 1070 1988 verum
1082 1928 1239 2007 repererit,
1247 1928 1272 1988 si
1284 1949 1343 1988 non
1355 1930 1439 1990 statim

390 2021 570 2104 despondeat
585 2021 722 2080 animum.

359 2119 361 2126 ’
430 2114 519 2192 Quod
532 2113 634 2173 attinet
646 2112 682 2171 ad
699 2127 821 2186 cetera,
839 2127 868 2172 et
884 2113 922 2171 ad
941 2134 976 2172 ea
988 2134 1054 2192 quae
1067 2115 1130 2174 sine
1145 2113 1275 2173 remedio
1289 2113 1385 2173 vitiata
1397 2135 1439 2174 oe·

390 2227 507 2270 currere
521 2216 672 2284 poterunt,
688 2224 722 2262 ea
738 2204 768 2262 in
781 2223 834 2264 uos
849 2204 978 2283 recipere
991 2225 1199 2284 properamus,
1217 2205 1363 2285 deprecati
1382 2209 1439 2286 qui·

388 2302 456 2361 deut
469 2298 624 2378 legentium
638 2298 836 2365 severitatem,
854 2298 945 2356 velint
960 2296 1049 2356 modo
1064 2310 1195 2372 tenuem,
1213 2296 1264 2356 sed
1285 2319 1343 2358 non
1360 2300 1439 2357 tenuis

389 2391 521 2453 utilitatis
546 2404 576 2450 et
599 2391 759 2468 praesertim
770 2389 972 2462 difficultatis,
994 2409 1114 2468 operam
1131 2409 1220 2468 -aequa
1240 2391 1321 2450 lance
1342 2390 1439 2470 ponde·

390 2502 693 2564 rarezsperamusque
717 2482 780 2540 fore
804 2495 836 2540 ut
854 2479 1062 2558 indulgentiam
1084 2481 1195 2540 facilius
1216 2482 1301 2542 nobis
1323 2483 1439 2542 concilia·

391 2595 457 2640 tura
471 2578 508 2636 sit
529 2596 564 2634 ea
583 2577 645 2654 ipsa
658 2575 837 2654 ingenuitas,
849 2594 976 2652 quacum
999 2575 1076 2632 ultro
1099 2574 1276 2654 proferimus
1296 2575 1365 2654 quid
1382 2575 1438 2635 msli

391 2670 481 2750 possit
498 2668 528 2737 in
548 2667 605 2726 hoc
625 2667 725 2726 Indice
744 2666 877 2746 reperiri.
897 2667 976 2726 Vale.

469 2817 637 2880 Scribebam
654 2819 782 2891 Parisiis,
798 2837 895 2876 mense
909 2816 1081 2896 septembri,
1095 2839 1300 2878 nnnccxxvru.

1088 3023 1125 3080 n.
1141 3025 1174 3102 n.
1189 3025 1367 3082 imminu.

717 3307 719 3310 .
729 3279 1120 3316 -κ-*ι--η
