3026 5184
362 537 437 620 aod
582 535 768 604 PUBLIl
796 534 1057 603 TERENTII
1084 534 1208 603 arnt

318 681 322 686 '
360 669 453 737 Pam.
477 665 588 734 Etiam
611 666 639 736 si
660 665 789 735 dudum
805 665 915 736 fuerat
932 665 1125 762 ambiguum
1142 667 1210 737 hoc
1226 667 1329 757 mihi,

359 772 460 842 Nunc
482 797 551 841 non
571 785 638 860 est,
659 796 763 866 quum
783 797 856 842 eam
873 773 1021 866 sequitur
1042 771 1167 843 alienus
1181 798 1276 868 puer.

361 882 425 951 La.
447 878 546 947 Nulla
563 879 644 966 tibi,
664 877 857 974 Pamphile,
876 879 931 949 hic
947 879 1015 972 jam
1037 878 1235 950 consultatio
1253 884 1303 953 ’st.
1400 909 1438 948 ss.

361 983 455 1056 Pam.
479 987 575 1056 Perii.
599 988 662 1055 Ls.
682 986 782 1055 Hunc
803 985 916 1055 videre
937 1009 1024 1081 saepe
1039 986 1236 1081 optabamus
1254 987 1361 1079 diem,

362 1093 478 1182 Quum
496 1117 537 1162 ex
553 1107 587 1162 te
604 1107 692 1162 esset
708 1091 843 1188 aliquis,
858 1093 916 1187 qui
931 1106 964 1162 te
983 1091 1164 1188 appellaret
1184 1109 1326 1190 patrem.

361 1201 504 1272 Evenit:
519 1199 628 1268 habeo
647 1201 787 1294 gratiam
801 1200 872 1270 Dis.
889 1201 983 1268 Pars.
1006 1197 1127 1270 Nullus
1139 1225 1223 1270 snm.

362 1306 426 1375 La.
449 1305 567 1375 Reduc
584 1329 742 1393 uxorem,
764 1329 803 1375 ac
825 1304 894 1375 noli
911 1306 1081 1376 advorsari
1099 1307 1190 1377 mihi.

362 1411 456 1483 Pars.
480 1409 596 1500 Pater,
617 1414 645 1482 si
660 1438 702 1481 ex
720 1437 774 1482 me
789 1410 983 1482 illa-liberos
1001 1411 1101 1483 vellet
1119 1414 1197 1502 sibi,
1401 1441 1439 1483 sss

363 1521 432 1587 Aut
452 1542 487 1587 se
507 1543 578 1588 esse
598 1543 730 1589 mecum
752 1533 910 1615 nuptam3
933 1521 1010 1589 satis
1030 1534 1122 1590 certo
1144 1521 1234 1608 scio,

363 1624 442 1694 Non
460 1621 545 1694 clam
565 1650 619 1695 me
639 1626 794 1710 haberet,
814 1626 905 1722 quod
924 1625 1047 1696 celasse
1061 1625 1221 1722 intelligo.

362 1729 479 1818 Nunc,
501 1756 605 1826 quum
619 1733 689 1828 ejus
705 1731 849 1802 alienum
863 1758 882 1802 a
901 1758 955 1802 me
970 1758 1041 1804 esse
1055 1734 1202 1802 animum
1217 1735 1379 1818 sentiam,

345 1838 434 1916 ¹Nec
452 1853 695 1908 conventumm
712 1841 798 1909 inter
816 1865 877 1910 nos
900 1841 1039 1935 posthac
1058 1841 1223 1909 arbitror:

361 1943 591 2031 Quamobrem
610 1943 795 2016 reducam?
812 1950 876 2017 Ls.
898 1947 1010 2015 Mater
1029 1939 1120 2041 quod
1139 1949 1240 2018 suasit
1261 1972 1339 2034 sua,
1404 1971 1441 2010 εσυ

363 2049 566 2122 Adolescens
583 2050 702 2122 mulier
717 2052 797 2122 fecit
810 2079 818 2120 ε
833 2054 1065 2122 mirandumne
1082 2053 1116 2122 id
1134 2068 1183 2123 est
1200 2053 1215 2122 i

364 2209 416 2268 lad,
431 2218 481 2260 etc.
499 2207 560 2260 Tibi
585 2208 683 2262 factum
703 2207 770 2262 illud
788 2209 876 2263 urinas
921 2211 971 2263 Do.
982 2207 1230 2278 qnoe.Aliidemum
1243 2208 1335 2279 legunt
1350 2226 1442 2274 quem,

366 2305 420 2338 non
435 2287 522 2358 placet
534 2305 614 2358 quam
629 2288 713 2353 mihi,
730 2307 805 2361 arque
823 2308 878 2344 am·
922 2289 1022 2343 scilicet
1029 2300 1145 2362 partum.
1155 2320 1190 2329 -
1200 2291 1255 2340 Non
1266 2292 1334 2340 clam
1345 2306 1386 2338 ms
1399 2289 1443 2337 lia-

363 2365 449 2419 bobus
459 2365 592 2440 displicet.
603 2369 638 2421 Et
652 2372 732 2421 minus
741 2372 826 2438 places
841 2370 877 2422 la·
922 2371 1002 2435 beret,
1016 2381 1067 2422 etc.
1082 2369 1141 2422 Non
1154 2367 1220 2420 milri
1237 2367 1365 2420 tacuisset
1383 2383 1442 2436 par-

366 2443 416 2498 oile
424 2445 509 2517 accipi
517 2458 604 2519 potest
610 2466 659 2519 pro
667 2452 750 2518 magis
757 2451 877 2517 displices.
923 2461 980 2502 tum
991 2467 1070 2520 quem
1081 2451 1167 2502 sentio
1175 2466 1218 2502 me
1231 2447 1408 2520 ignoravisse.

401 2527 461 2590 648.
472 2532 536 2591 Hoc,
547 2527 702 2582 reducerem
716 2548 801 2584 necne
810 2547 878 2584 uxo·
959 2529 1021 2597 669.
1036 2530 1155 2581 Arbitror.
1166 2529 1213 2580 Be.
1229 2546 1291 2581 cum
1306 2527 1366 2580 Mn.
1377 2531 1442 2578 arti·

362 2623 429 2658 rem.
798 2655 799 2658 ,
922 2622 982 2670 την,
992 2606 1073 2680 idque
1080 2606 1116 2659 ob
1126 2610 1239 2669 sensiam,
1250 2619 1277 2659 et
1289 2625 1336 2658 aec
1344 2606 1444 2678 partic.

401 2689 463 2756 649.
489 2691 569 2753 Quam
586 2707 643 2738 eam
655 2690 773 2756 sequitur.
795 2687 878 2741 Meta·
922 2687 1099 2758 copulativam
1107 2687 1279 2756 subsequsut.
1297 2687 1393 2740 Recte.
1409 2689 1441 2738 At

365 2764 453 2836 phora
475 2783 492 2818 a
513 2767 674 2838 pecoribus,
693 2785 754 2840 quas
770 2779 801 2819 ut
816 2785 878 2820 mox
921 2764 966 2818 hic
976 2765 1365 2839 quoquemaximelie.utlere
1374 2767 1441 2820 solet

364 2855 427 2897 nata
452 2843 569 2912 luerint,
600 2857 695 2899 matres
721 2857 877 2918 sequuntur.
921 2846 1030 2917 ubique,
1038 2845 1194 2898 Terentium
1208 2862 1346 2898 examina
1357 2845 1442 2918 magis

366 2929 428 2976 Dora.
440 2954 477 2964 -
487 2924 534 2977 Est
545 2923 596 2978 laoc
615 2926 726 2978 seorsim
744 2923 846 2978 dictam
861 2943 877 2978 a
922 2925 1035 2977 oratoris
1049 2943 1130 2996 quam
1144 2942 1192 2996 pro
1206 2923 1361 2996 quotidiani
1382 2943 1440 2978 ser·

365 3002 526 3075 Pamphilo:
542 3022 644 3077 ·qun1n
659 3003 824 3058 Philumenae
845 3003 877 3058 sit
921 3003 1008 3057 monis
1027 3002 1135 3056 licentia
1152 3015 1303 3056 mutaturus
1315 3003 1389 3056 mibi
1404 3004 1442 3058 ri-

366 3093 444 3135 natus
462 3103 495 3137 ex
505 3083 557 3137 alio
572 3083 658 3150 filins,
674 3096 714 3140 est
726 3103 774 3137 cur
784 3084 878 3137 abhor·
923 3081 1003 3137 detur
1015 3101 1023 3147 ;
1037 3093 1117 3156 atque
1138 3083 1167 3136 in
1185 3102 1217 3138 eo
1234 3101 1343 3137 mecum
1360 3085 1442 3138 stiam

365 3180 437 3215 ream
451 3163 534 3236 magis
547 3163 580 3216 ab
597 3181 630 3216 ea
646 3162 832 3217 reducenda.»
923 3165 989 3220 We.
1004 3163 1135 3216 consentit
1153 3162 1188 3215 ad
1204 3180 1244 3217 vs.
1264 3166 1316 3228 646
1336 3163 1445 3228 dicens,

400 3241 460 3295 650.
472 3245 632 3310 caristium,
638 3243 708 3298 ratio
717 3243 877 3316 objicienda.
923 3242 1113 3296 more·comioo
1122 3240 1301 3296 indicativum
1315 3242 1445 3314 usurpare

404 3321 464 3375 651.
477 3322 714 3396 &pedisequid
732 3343 880 3392 semper.-
923 3322 1051 3377 Nostrum
1077 3341 1126 3394 pro
1148 3321 1337 3395 subjunctivo,
1370 3320 1445 3393 qnod

367 3403 437 3452 Perii.
449 3401 508 3454 Hoc
520 3420 609 3456 secum
619 3402 784 3475 Pamphilus.
923 3400 996 3455 idem
1019 3401 1115 3455 Plauto
1141 3402 1175 3455 sit
1197 3401 1338 3458 familiare.
1358 3401 1445 3475 Supra

404 3481 465 3536 652.
475 3484 580 3550 Aliquis.
592 3481 663 3536 C.G.
672 3501 776 3554 m.sup.
787 3479 878 3553 script.
923 3501 986 3534 vero
998 3500 1037 3535 vs.
1053 3483 1107 3545 646
1127 3481 1190 3535 item
1205 3493 1264 3534 erat
1277 3480 1389 3542 dicend.
1406 3484 1445 3532 oi-

367 3573 449 3611 natns.
924 3565 1012 3614 dentur
1020 3579 1068 3632 pro
1078 3563 1187 3616 videtur.
1197 3591 1233 3603 -
1245 3564 1443 3625 Convenarum,

404 3638 465 3704 664.
486 3642 569 3690 deduc
592 3648 703 3694 nsorsm'.
728 3641 786 3694 Hoc
806 3640 880 3694 idem
924 3641 1133 3713 impersonaliter
1143 3640 1254 3694 dictum.

368 3709 503 3782 suaserat,
521 3719 605 3772 immo
629 3723 744 3793 jusserat
778 3731 878 3784 mater,
960 3723 1020 3774 660.
1037 3725 1201 3788 Quamobrem
1212 3725 1264 3774 red.
1274 3720 1396 3774 Firmior
1408 3720 1446 3774 la-

370 3815 444 3869 snpr.
457 3815 495 3852 vs.
513 3795 574 3850 605.
924 3811 967 3854 cta
983 3811 1021 3853 est
1040 3799 1176 3853 conclusio
1190 3819 1238 3873 per
1258 3799 1446 3874 interrogatio·

406 3877 466 3931 666.
486 3884 569 3942 Pater,
581 3880 605 3930 si
618 3898 652 3930 ea
663 3897 703 3930 me
713 3881 767 3932 itta.
781 3879 881 3933 Nactus
924 3897 994 3932 nem.
1008 3908 1043 3919 -
1055 3883 1114 3941 Sua,
1129 3898 1181 3951 pro
1194 3879 1285 3952 ipsius,
1300 3879 1377 3952 quod
1391 3897 1446 3932 me·

282 3953 287 3962 ’
370 3969 409 4012 est
422 3957 880 4030 Pamphilusexverbissenisslism
926 3958 976 4017 lius
993 3957 1028 4012 ad
1044 3959 1115 4033 leges
1128 3959 1305 4032 grammaticas
1327 3978 1446 4032 repona-

371 4056 477 4092 causam
490 4037 602 4092 dissidii.
615 4043 695 4090 -sx
712 4058 762 4094 me.
783 4038 883 4094 scilicet
928 4049 1010 4093 retur.

369 4129 452 4170 natos.
665 4116 669 4124 ’
963 4121 1109 4188 sonant,
1118 4119 1137 4172 i.
1148 4139 1172 4173 a.
1181 4130 1289 4191 partum
1299 4118 1445 4172 celavit.—

408 4198 470 4268 657.
486 4201 568 4264 Quod.
583 4196 628 4251 Sic
637 4197 687 4269 leg.
697 4197 788 4250 bemb-
799 4211 881 4253 recte.
928 4199 1014 4270 Supra
1024 4225 1036 4246 ι
1046 4198 1102 4252 Etsi
1112 4200 1171 4264 tibi,
1184 4199 1340 4253 Philumena
1349 4239 1357 4265 ‚
1366 4197 1446 4266 (ado-
