<?xml version="1.0" encoding="UTF-8"?>
<!DOCTYPE html PUBLIC "-//W3C//DTD XHTML 1.0 Transitional//EN"
    "http://www.w3.org/TR/xhtml1/DTD/xhtml1-transitional.dtd">
<html xmlns="http://www.w3.org/1999/xhtml" xml:lang="en" lang="en">
 <head>
  <title>
</title>
<meta http-equiv="Content-Type" content="text/html;charset=utf-8" />
  <meta name='ocr-system' content='tesseract 3.04.00' />
  <meta name='ocr-capabilities' content='ocr_page ocr_carea ocr_par ocr_line ocrx_word'/>
</head>
<body>
  <div class='ocr_page' id='page_1' title='image "./publiiterentiia00lemagoog/publiiterentiia00lemagoog_0082.png"; bbox 0 0 3120 5178; ppageno 0'>
   <div class='ocr_carea' id='block_1_1' title="bbox 386 530 1231 633">
    <p class='ocr_par' dir='ltr' id='par_1_1' title="bbox 386 530 1231 633">
     <span class='ocr_line' id='line_1_1' title="bbox 386 530 1231 633; baseline 0.001 -25"><span class='ocrx_word' id='word_1_1' title='bbox 386 538 434 633; x_wconf 81' lang='lat'><strong>76</strong></span> <span class='ocrx_word' id='word_1_2' title='bbox 619 541 799 608; x_wconf 75' lang='lat' dir='ltr'><strong>ruem</strong></span> <span class='ocrx_word' id='word_1_3' title='bbox 826 530 1081 612; x_wconf 75' lang='lat' dir='ltr'><strong>raruurrr</strong></span> <span class='ocrx_word' id='word_1_4' title='bbox 1108 543 1231 609; x_wconf 71' lang='lat' dir='ltr'><strong>artu</strong></span> 
     </span>
    </p>
   </div>
   <div class='ocr_carea' id='block_1_2' title="bbox 377 703 1451 743">
    <p class='ocr_par' dir='ltr' id='par_1_2' title="bbox 377 703 1451 743">
     <span class='ocr_line' id='line_1_2' title="bbox 377 703 1451 743; baseline 0.002 -6"><span class='ocrx_word' id='word_1_5' title='bbox 377 703 1451 743; x_wconf 50' lang='lat' dir='ltr'><strong>mmmmm-mmmnumiummmudumwmnammmn</strong></span> 
     </span>
    </p>
   </div>
   <div class='ocr_carea' id='block_1_3' title="bbox 576 895 1265 1030">
    <p class='ocr_par' dir='ltr' id='par_1_3' title="bbox 576 895 1265 1030">
     <span class='ocr_line' id='line_1_3' title="bbox 576 895 1265 1030; baseline 0.004 -32"><span class='ocrx_word' id='word_1_6' title='bbox 576 895 835 1000; x_wconf 70' lang='lat' dir='ltr'><strong>uerus</strong></span> <span class='ocrx_word' id='word_1_7' title='bbox 870 897 1265 1030; x_wconf 76' lang='lat' dir='ltr'><strong>QUARTUS.</strong></span> 
     </span>
    </p>
   </div>
   <div class='ocr_carea' id='block_1_4' title="bbox 777 1133 1061 1162">
    <p class='ocr_par' dir='ltr' id='par_1_4' title="bbox 777 1133 1061 1162">
     <span class='ocr_line' id='line_1_4' title="bbox 777 1133 1061 1162; baseline -0.004 0"><span class='ocrx_word' id='word_1_8' title='bbox 777 1133 1061 1162; x_wconf 50' lang='grc' dir='ltr'><strong>ψ·-</strong></span> 
     </span>
    </p>
   </div>
   <div class='ocr_carea' id='block_1_5' title="bbox 661 1273 1169 1363">
    <p class='ocr_par' dir='ltr' id='par_1_5' title="bbox 661 1273 1169 1363">
     <span class='ocr_line' id='line_1_5' title="bbox 661 1273 1169 1363; baseline -0.004 0"><span class='ocrx_word' id='word_1_9' title='bbox 661 1273 886 1363; x_wconf 90' lang='lat' dir='ltr'><strong>SCENA</strong></span> <span class='ocrx_word' id='word_1_10' title='bbox 928 1274 1169 1362; x_wconf 90' lang='lat' dir='ltr'><strong>PRIMA.</strong></span> 
     </span>
    </p>
   </div>
   <div class='ocr_carea' id='block_1_6' title="bbox 539 1474 1173 1568">
    <p class='ocr_par' dir='ltr' id='par_1_6' title="bbox 539 1474 1173 1568">
     <span class='ocr_line' id='line_1_6' title="bbox 539 1474 1173 1568; baseline -0.002 -25"><span class='ocrx_word' id='word_1_11' title='bbox 539 1480 542 1486; x_wconf 56' lang='lat'>¹</span> <span class='ocrx_word' id='word_1_12' title='bbox 640 1481 644 1490; x_wconf 48' lang='lat'><strong><em>¹</em></strong></span> <span class='ocrx_word' id='word_1_13' title='bbox 710 1474 938 1543; x_wconf 67' lang='lat' dir='ltr'><strong>crassedo.</strong></span> <span class='ocrx_word' id='word_1_14' title='bbox 966 1474 1120 1543; x_wconf 72' lang='lat' dir='ltr'><strong>smus.</strong></span> <span class='ocrx_word' id='word_1_15' title='bbox 1165 1560 1173 1568; x_wconf 39' lang='lat'>‚</span> 
     </span>
    </p>
   </div>
   <div class='ocr_carea' id='block_1_7' title="bbox 274 1635 1452 2504">
    <p class='ocr_par' dir='ltr' id='par_1_7' title="bbox 274 1635 1447 1890">
     <span class='ocr_line' id='line_1_7' title="bbox 274 1635 1447 1784; baseline 0 -23"><span class='ocrx_word' id='word_1_16' title='bbox 274 1709 278 1718; x_wconf 85' lang='lat'>&#39;</span> <span class='ocrx_word' id='word_1_17' title='bbox 383 1695 446 1761; x_wconf 80' lang='lat' dir='ltr'><strong>Cr.</strong></span> <span class='ocrx_word' id='word_1_18' title='bbox 464 1635 585 1777; x_wconf 80' lang='lat' dir='ltr'><strong>Aru’,</strong></span> <span class='ocrx_word' id='word_1_19' title='bbox 596 1705 723 1784; x_wconf 85' lang='lat' dir='ltr'><strong>patrem</strong></span> <span class='ocrx_word' id='word_1_20' title='bbox 738 1691 817 1758; x_wconf 90' lang='lat' dir='ltr'><strong>hino</strong></span> <span class='ocrx_word' id='word_1_21' title='bbox 829 1690 937 1758; x_wconf 88' lang='lat' dir='ltr'><strong>abisse</strong></span> <span class='ocrx_word' id='word_1_22' title='bbox 948 1688 1026 1759; x_wconf 81' lang='lat' dir='ltr'><strong>rus?</strong></span> <span class='ocrx_word' id='word_1_23' title='bbox 1043 1691 1123 1760; x_wconf 77' lang='lat' dir='ltr'><strong>Sur.</strong></span> <span class='ocrx_word' id='word_1_24' title='bbox 1140 1694 1212 1760; x_wconf 88' lang='lat' dir='ltr'><strong>Jam</strong></span> <span class='ocrx_word' id='word_1_25' title='bbox 1227 1690 1363 1761; x_wconf 90' lang='lat' dir='ltr'><strong>dudum.</strong></span> <span class='ocrx_word' id='word_1_26' title='bbox 1383 1695 1447 1761; x_wconf 83' lang='lat' dir='ltr'><strong>Cr.</strong></span> 
     </span>
     <span class='ocr_line' id='line_1_8' title="bbox 545 1795 1130 1890; baseline 0 -26"><span class='ocrx_word' id='word_1_27' title='bbox 545 1798 609 1865; x_wconf 89' lang='lat' dir='ltr'><strong>Dic</strong></span> <span class='ocrx_word' id='word_1_28' title='bbox 628 1796 732 1865; x_wconf 90' lang='lat' dir='ltr'><strong>sodes.</strong></span> <span class='ocrx_word' id='word_1_29' title='bbox 750 1799 830 1866; x_wconf 83' lang='lat' dir='ltr'><strong>Srr..</strong></span> <span class='ocrx_word' id='word_1_30' title='bbox 847 1795 945 1890; x_wconf 87' lang='lat' dir='ltr'>Apud</span> <span class='ocrx_word' id='word_1_31' title='bbox 959 1795 1069 1865; x_wconf 89' lang='lat' dir='ltr'><strong>villam</strong></span> <span class='ocrx_word' id='word_1_32' title='bbox 1080 1799 1130 1865; x_wconf 71' lang='grc' dir='ltr'><strong>ἐι.</strong></span> 
     </span>
    </p>

    <p class='ocr_par' dir='ltr' id='par_1_8' title="bbox 383 1900 1452 2103">
     <span class='ocr_line' id='line_1_9' title="bbox 383 1900 1450 1997; baseline 0.002 -26"><span class='ocrx_word' id='word_1_33' title='bbox 383 1901 481 1971; x_wconf 88' lang='lat' dir='ltr'><strong>Nunc</strong></span> <span class='ocrx_word' id='word_1_34' title='bbox 494 1927 597 1996; x_wconf 85' lang='lat' dir='ltr'><strong>quum</strong></span> <span class='ocrx_word' id='word_1_35' title='bbox 609 1927 762 1972; x_wconf 83' lang='lat' dir='ltr'><strong>maxume</strong></span> <span class='ocrx_word' id='word_1_36' title='bbox 777 1903 886 1997; x_wconf 87' lang='lat' dir='ltr'><strong>operis</strong></span> <span class='ocrx_word' id='word_1_37' title='bbox 901 1900 1023 1996; x_wconf 88' lang='lat' dir='ltr'><strong>aliquid</strong></span> <span class='ocrx_word' id='word_1_38' title='bbox 1037 1903 1146 1972; x_wconf 86' lang='lat' dir='ltr'><strong>facere</strong></span> <span class='ocrx_word' id='word_1_39' title='bbox 1163 1903 1274 1973; x_wconf 84' lang='lat' dir='ltr'><strong>credo.</strong></span> <span class='ocrx_word' id='word_1_40' title='bbox 1290 1907 1354 1973; x_wconf 79' lang='lat' dir='ltr'><strong>Cr.</strong></span> <span class='ocrx_word' id='word_1_41' title='bbox 1373 1905 1450 1973; x_wconf 90' lang='lat' dir='ltr'><strong>Uti-</strong></span> 
     </span>
     <span class='ocr_line' id='line_1_10' title="bbox 539 2008 1452 2103; baseline -0.002 -29"><span class='ocrx_word' id='word_1_42' title='bbox 539 2032 615 2076; x_wconf 87' lang='lat' dir='ltr'><strong>nam</strong></span> <span class='ocrx_word' id='word_1_43' title='bbox 628 2008 760 2103; x_wconf 90' lang='lat' dir='ltr'><strong>quidem</strong></span> <span class='ocrx_word' id='word_1_44' title='bbox 1174 2043 1177 2052; x_wconf 90' lang='lat'><strong>.</strong></span> <span class='ocrx_word' id='word_1_45' title='bbox 1355 2033 1359 2038; x_wconf 87' lang='lat'><strong>·</strong></span> <span class='ocrx_word' id='word_1_46' title='bbox 1409 2031 1452 2072; x_wconf 75' lang='lat'><strong>520</strong></span> 
     </span>
    </p>

    <p class='ocr_par' dir='ltr' id='par_1_9' title="bbox 381 2106 1362 2210">
     <span class='ocr_line' id='line_1_11' title="bbox 381 2106 1362 2210; baseline 0.002 -28"><span class='ocrx_word' id='word_1_47' title='bbox 381 2107 504 2201; x_wconf 90' lang='lat' dir='ltr'><strong>(Quod</strong></span> <span class='ocrx_word' id='word_1_48' title='bbox 520 2140 597 2184; x_wconf 88' lang='lat' dir='ltr'><strong>cum</strong></span> <span class='ocrx_word' id='word_1_49' title='bbox 616 2114 720 2184; x_wconf 87' lang='lat' dir='ltr'><strong>salute</strong></span> <span class='ocrx_word' id='word_1_50' title='bbox 734 2116 803 2210; x_wconf 87' lang='lat' dir='ltr'><strong>ejus</strong></span> <span class='ocrx_word' id='word_1_51' title='bbox 821 2106 900 2208; x_wconf 84' lang='lat' dir='ltr'><strong>fiat)</strong></span> <span class='ocrx_word' id='word_1_52' title='bbox 924 2117 971 2183; x_wconf 85' lang='lat' dir='ltr'><strong>ita</strong></span> <span class='ocrx_word' id='word_1_53' title='bbox 987 2139 1021 2184; x_wconf 88' lang='lat' dir='ltr'><strong>se</strong></span> <span class='ocrx_word' id='word_1_54' title='bbox 1039 2114 1231 2210; x_wconf 86' lang='lat' dir='ltr'><strong>defatigarit</strong></span> <span class='ocrx_word' id='word_1_55' title='bbox 1247 2116 1362 2204; x_wconf 89' lang='lat' dir='ltr'><strong>velim,</strong></span> 
     </span>
    </p>

    <p class='ocr_par' dir='ltr' id='par_1_10' title="bbox 384 2219 1447 2318">
     <span class='ocr_line' id='line_1_12' title="bbox 384 2219 1447 2318; baseline 0.005 -30"><span class='ocrx_word' id='word_1_56' title='bbox 384 2223 432 2288; x_wconf 92' lang='lat' dir='ltr'><strong>Ut</strong></span> <span class='ocrx_word' id='word_1_57' title='bbox 448 2220 559 2289; x_wconf 84' lang='lat' dir='ltr'><strong>triduo</strong></span> <span class='ocrx_word' id='word_1_58' title='bbox 567 2221 635 2291; x_wconf 86' lang='lat' dir='ltr'><strong>&#39;hoc</strong></span> <span class='ocrx_word' id='word_1_59' title='bbox 649 2236 810 2316; x_wconf 87' lang='lat' dir='ltr'><strong>perpetuo</strong></span> <span class='ocrx_word' id='word_1_60' title='bbox 827 2246 981 2316; x_wconf 85' lang='lat' dir='ltr'><strong>prorsum</strong></span> <span class='ocrx_word' id='word_1_61' title='bbox 996 2246 1015 2290; x_wconf 91' lang='lat' dir='ltr'><strong>e</strong></span> <span class='ocrx_word' id='word_1_62' title='bbox 1032 2219 1119 2290; x_wconf 88' lang='lat' dir='ltr'><strong>lecto</strong></span> <span class='ocrx_word' id='word_1_63' title='bbox 1140 2238 1281 2316; x_wconf 86' lang='lat' dir='ltr'><strong>nequeat</strong></span> <span class='ocrx_word' id='word_1_64' title='bbox 1299 2248 1447 2318; x_wconf 83' lang='lat' dir='ltr'><strong>surgere.</strong></span> 
     </span>
    </p>

    <p class='ocr_par' dir='ltr' id='par_1_11' title="bbox 382 2326 1449 2504">
     <span class='ocr_line' id='line_1_13' title="bbox 382 2326 1449 2423; baseline 0.005 -29"><span class='ocrx_word' id='word_1_65' title='bbox 382 2329 462 2396; x_wconf 79' lang='lat' dir='ltr'><strong>Srfl.</strong></span> <span class='ocrx_word' id='word_1_66' title='bbox 479 2329 531 2396; x_wconf 91' lang='lat' dir='ltr'><strong>Ita</strong></span> <span class='ocrx_word' id='word_1_67' title='bbox 543 2326 617 2414; x_wconf 83' lang='lat' dir='ltr'><strong>fiat,</strong></span> <span class='ocrx_word' id='word_1_68' title='bbox 628 2343 662 2396; x_wconf 90' lang='lat' dir='ltr'><strong>et</strong></span> <span class='ocrx_word' id='word_1_69' title='bbox 673 2329 756 2398; x_wconf 87' lang='lat' dir='ltr'><strong>istoc</strong></span> <span class='ocrx_word' id='word_1_70' title='bbox 769 2330 794 2398; x_wconf 89' lang='lat' dir='ltr'><strong>si</strong></span> <span class='ocrx_word' id='word_1_71' title='bbox 809 2329 888 2422; x_wconf 91' lang='lat' dir='ltr'><strong>quid</strong></span> <span class='ocrx_word' id='word_1_72' title='bbox 899 2329 986 2423; x_wconf 81' lang='lat' dir='ltr'><strong>potis</strong></span> <span class='ocrx_word' id='word_1_73' title='bbox 997 2342 1047 2397; x_wconf 87' lang='lat' dir='ltr'><strong>est</strong></span> <span class='ocrx_word' id='word_1_74' title='bbox 1061 2329 1190 2398; x_wconf 87' lang='lat' dir='ltr'><strong>rectius.</strong></span> <span class='ocrx_word' id='word_1_75' title='bbox 1204 2332 1267 2398; x_wconf 85' lang='lat' dir='ltr'><strong>Cr.</strong></span> <span class='ocrx_word' id='word_1_76' title='bbox 1283 2332 1335 2397; x_wconf 88' lang='lat' dir='ltr'><strong>lta</strong></span> <span class='ocrx_word' id='word_1_77' title='bbox 1350 2355 1449 2399; x_wconf 91' lang='lat' dir='ltr'><strong>:nam</strong></span> 
     </span>
     <span class='ocr_line' id='line_1_14' title="bbox 540 2433 752 2504; baseline 0.014 -4"><span class='ocrx_word' id='word_1_78' title='bbox 540 2433 630 2504; x_wconf 87' lang='lat' dir='ltr'><strong>hune</strong></span> <span class='ocrx_word' id='word_1_79' title='bbox 649 2433 752 2503; x_wconf 88' lang='lat' dir='ltr'><strong>diem·</strong></span> 
     </span>
    </p>
   </div>
   <div class='ocr_carea' id='block_1_8' title="bbox 380 2599 1450 4256">
    <p class='ocr_par' dir='ltr' id='par_1_12' title="bbox 381 2599 1450 3622">
     <span class='ocr_line' id='line_1_15' title="bbox 418 2599 1449 2670; baseline 0.009 -23"><span class='ocrx_word' id='word_1_80' title='bbox 418 2601 477 2663; x_wconf 78' lang='lat'><strong>519.</strong></span> <span class='ocrx_word' id='word_1_81' title='bbox 496 2602 572 2665; x_wconf 80' lang='lat' dir='ltr'><strong>Apud</strong></span> <span class='ocrx_word' id='word_1_82' title='bbox 590 2603 678 2652; x_wconf 74' lang='lat' dir='ltr'><strong>odiam</strong></span> <span class='ocrx_word' id='word_1_83' title='bbox 692 2600 733 2652; x_wconf 78' lang='grc' dir='ltr'><strong>ἐι.</strong></span> <span class='ocrx_word' id='word_1_84' title='bbox 748 2599 787 2651; x_wconf 76' lang='grc' dir='ltr'><strong>Τὰ</strong></span> <span class='ocrx_word' id='word_1_85' title='bbox 801 2603 889 2652; x_wconf 78' lang='lat' dir='ltr'><strong>uillam</strong></span> <span class='ocrx_word' id='word_1_86' title='bbox 934 2610 1022 2652; x_wconf 87' lang='lat' dir='ltr'><strong>autem</strong></span> <span class='ocrx_word' id='word_1_87' title='bbox 1032 2599 1101 2663; x_wconf 83' lang='lat' dir='ltr'><strong>Nos,</strong></span> <span class='ocrx_word' id='word_1_88' title='bbox 1115 2599 1297 2670; x_wconf 84' lang='lat' dir='ltr'><strong>pleonasmum</strong></span> <span class='ocrx_word' id='word_1_89' title='bbox 1311 2602 1449 2656; x_wconf 74' lang='lat' dir='ltr'><strong>admittere</strong></span> 
     </span>
     <span class='ocr_line' id='line_1_16' title="bbox 384 2675 1450 2751; baseline 0.01 -27"><span class='ocrx_word' id='word_1_90' title='bbox 384 2675 575 2730; x_wconf 82' lang='lat' dir='ltr'><strong>&#39;stadscribunt</strong></span> <span class='ocrx_word' id='word_1_91' title='bbox 584 2678 673 2748; x_wconf 82' lang='lat' dir='ltr'><strong>plures</strong></span> <span class='ocrx_word' id='word_1_92' title='bbox 681 2679 770 2731; x_wconf 85' lang='lat' dir='ltr'><strong>versui</strong></span> <span class='ocrx_word' id='word_1_93' title='bbox 781 2697 891 2751; x_wconf 84' lang='lat' dir='ltr'><strong>sequen·</strong></span> <span class='ocrx_word' id='word_1_94' title='bbox 934 2697 994 2732; x_wconf 87' lang='lat' dir='ltr'><strong>oum</strong></span> <span class='ocrx_word' id='word_1_95' title='bbox 1006 2681 1081 2730; x_wconf 75' lang='lat' dir='ltr'><strong>uelim</strong></span> <span class='ocrx_word' id='word_1_96' title='bbox 1090 2719 1097 2744; x_wconf 87' lang='lat'>,</span> <span class='ocrx_word' id='word_1_97' title='bbox 1107 2691 1138 2730; x_wconf 90' lang='lat' dir='ltr'><strong>ut</strong></span> <span class='ocrx_word' id='word_1_98' title='bbox 1148 2679 1313 2749; x_wconf 85' lang='lat' dir='ltr'><strong>parenthesis</strong></span> <span class='ocrx_word' id='word_1_99' title='bbox 1322 2699 1378 2733; x_wconf 84' lang='lat' dir='ltr'><strong>non</strong></span> <span class='ocrx_word' id='word_1_100' title='bbox 1390 2700 1450 2735; x_wconf 87' lang='lat' dir='ltr'><strong>sen·</strong></span> 
     </span>
     <span class='ocr_line' id='line_1_17' title="bbox 381 2753 1272 2829; baseline 0.007 -25"><span class='ocrx_word' id='word_1_101' title='bbox 381 2753 409 2806; x_wconf 89' lang='lat' dir='ltr'><strong>ti.</strong></span> <span class='ocrx_word' id='word_1_102' title='bbox 422 2783 455 2792; x_wconf 89' lang='lat'><strong>—</strong></span> <span class='ocrx_word' id='word_1_103' title='bbox 465 2756 544 2808; x_wconf 82' lang='lat' dir='ltr'><strong>ACT.</strong></span> <span class='ocrx_word' id='word_1_104' title='bbox 558 2758 609 2822; x_wconf 86' lang='lat' dir='ltr'><strong>IV,</strong></span> <span class='ocrx_word' id='word_1_105' title='bbox 623 2757 664 2810; x_wconf 84' lang='lat' dir='ltr'><strong>Se.</strong></span> <span class='ocrx_word' id='word_1_106' title='bbox 680 2775 700 2810; x_wconf 85' lang='lat'><strong>1.</strong></span> <span class='ocrx_word' id='word_1_107' title='bbox 716 2758 766 2811; x_wconf 87' lang='lat' dir='ltr'><strong>Hic</strong></span> <span class='ocrx_word' id='word_1_108' title='bbox 775 2756 891 2811; x_wconf 80' lang='lat' dir='ltr'><strong>ostendi·</strong></span> <span class='ocrx_word' id='word_1_109' title='bbox 934 2757 1046 2810; x_wconf 84' lang='lat' dir='ltr'><strong>tentiam</strong></span> <span class='ocrx_word' id='word_1_110' title='bbox 1060 2755 1138 2809; x_wconf 79' lang='lat' dir='ltr'><strong>aliam</strong></span> <span class='ocrx_word' id='word_1_111' title='bbox 1150 2758 1272 2829; x_wconf 76' lang='lat' dir='ltr'><strong>incipiat.</strong></span> 
     </span>
     <span class='ocr_line' id='line_1_18' title="bbox 382 2834 1446 2905; baseline 0.006 -20"><span class='ocrx_word' id='word_1_112' title='bbox 382 2846 426 2886; x_wconf 87' lang='lat' dir='ltr'><strong>tur</strong></span> <span class='ocrx_word' id='word_1_113' title='bbox 434 2834 560 2889; x_wconf 86' lang='lat' dir='ltr'><strong>timiditas</strong></span> <span class='ocrx_word' id='word_1_114' title='bbox 573 2836 636 2888; x_wconf 90' lang='lat' dir='ltr'><strong>boni</strong></span> <span class='ocrx_word' id='word_1_115' title='bbox 649 2836 835 2890; x_wconf 81' lang='lat' dir='ltr'><strong>adolescentuli</strong></span> <span class='ocrx_word' id='word_1_116' title='bbox 845 2875 853 2900; x_wconf 91' lang='lat'><strong><em>‚</em></strong></span> <span class='ocrx_word' id='word_1_117' title='bbox 864 2848 890 2889; x_wconf 89' lang='lat' dir='ltr'><strong>et</strong></span> <span class='ocrx_word' id='word_1_118' title='bbox 934 2892 938 2898; x_wconf 74' lang='grc'><strong>,</strong></span> <span class='ocrx_word' id='word_1_119' title='bbox 971 2834 1205 2905; x_wconf 75' lang='lat' dir='ltr'><strong>5²1.Desatigan&#39;t.</strong></span> <span class='ocrx_word' id='word_1_120' title='bbox 1222 2837 1252 2888; x_wconf 92' lang='lat' dir='ltr'><strong>Z.</strong></span> <span class='ocrx_word' id='word_1_121' title='bbox 1269 2837 1347 2890; x_wconf 90' lang='lat' dir='ltr'><strong>Bent.</strong></span> <span class='ocrx_word' id='word_1_122' title='bbox 1367 2838 1446 2891; x_wconf 86' lang='lat' dir='ltr'><strong>Both.</strong></span> 
     </span>
     <span class='ocr_line' id='line_1_19' title="bbox 384 2913 1448 2987; baseline 0.007 -23"><span class='ocrx_word' id='word_1_123' title='bbox 384 2913 538 2980; x_wconf 74' lang='lat' dir='ltr'><strong>veriti‚scit.</strong></span> <span class='ocrx_word' id='word_1_124' title='bbox 549 2916 585 2967; x_wconf 88' lang='lat' dir='ltr'><strong>ob</strong></span> <span class='ocrx_word' id='word_1_125' title='bbox 594 2929 789 2987; x_wconf 82' lang='lat' dir='ltr'><strong>peccatum,ex</strong></span> <span class='ocrx_word' id='word_1_126' title='bbox 800 2915 891 2968; x_wconf 89' lang='lat' dir='ltr'><strong>delicti</strong></span> <span class='ocrx_word' id='word_1_127' title='bbox 935 2915 1088 2983; x_wconf 71' lang='lat' dir='ltr'><strong>defetigarit.</strong></span> <span class='ocrx_word' id='word_1_128' title='bbox 1105 2945 1142 2955; x_wconf 94' lang='lat'>—</span> <span class='ocrx_word' id='word_1_129' title='bbox 1161 2919 1235 2982; x_wconf 82' lang='lat' dir='ltr'><strong>Quod</strong></span> <span class='ocrx_word' id='word_1_130' title='bbox 1252 2935 1307 2966; x_wconf 87' lang='lat' dir='ltr'><strong>oum</strong></span> <span class='ocrx_word' id='word_1_131' title='bbox 1328 2921 1375 2968; x_wconf 83' lang='lat' dir='ltr'><strong>sal.</strong></span> <span class='ocrx_word' id='word_1_132' title='bbox 1396 2930 1448 2971; x_wconf 87' lang='lat' dir='ltr'><strong>etc.</strong></span> 
     </span>
     <span class='ocr_line' id='line_1_20' title="bbox 382 2993 1448 3067; baseline 0.007 -25"><span class='ocrx_word' id='word_1_133' title='bbox 382 2993 540 3045; x_wconf 86' lang='lat' dir='ltr'><strong>conscientia</strong></span> <span class='ocrx_word' id='word_1_134' title='bbox 558 3005 585 3045; x_wconf 88' lang='lat' dir='ltr'><strong>et</strong></span> <span class='ocrx_word' id='word_1_135' title='bbox 597 2995 744 3048; x_wconf 86' lang='lat' dir='ltr'><strong>reverentia</strong></span> <span class='ocrx_word' id='word_1_136' title='bbox 764 2995 890 3066; x_wconf 86' lang='lat' dir='ltr'><strong>parentis.</strong></span> <span class='ocrx_word' id='word_1_137' title='bbox 935 2993 1070 3047; x_wconf 84' lang='lat' dir='ltr'><strong>Correctio</strong></span> <span class='ocrx_word' id='word_1_138' title='bbox 1079 2995 1241 3067; x_wconf 69' lang='grc' dir='ltr'><strong>φιλόστοργος,</strong></span> <span class='ocrx_word' id='word_1_139' title='bbox 1251 2995 1324 3048; x_wconf 87' lang='lat' dir='ltr'><strong>utait</strong></span> <span class='ocrx_word' id='word_1_140' title='bbox 1334 2995 1448 3049; x_wconf 85' lang='lat' dir='ltr'><strong>Famah.</strong></span> 
     </span>
     <span class='ocr_line' id='line_1_21' title="bbox 383 3073 1450 3146; baseline 0.007 -23"><span class='ocrx_word' id='word_1_141' title='bbox 383 3073 497 3142; x_wconf 73' lang='lat' dir='ltr'><strong>Apparet</strong></span> <span class='ocrx_word' id='word_1_142' title='bbox 510 3073 573 3125; x_wconf 86' lang='lat' dir='ltr'><strong>item</strong></span> <span class='ocrx_word' id='word_1_143' title='bbox 583 3093 640 3127; x_wconf 88' lang='lat' dir='ltr'><strong>mos</strong></span> <span class='ocrx_word' id='word_1_144' title='bbox 651 3093 776 3128; x_wconf 86' lang='lat' dir='ltr'><strong>verorum</strong></span> <span class='ocrx_word' id='word_1_145' title='bbox 785 3086 891 3146; x_wconf 84' lang='lat' dir='ltr'><strong>patrum</strong></span> <span class='ocrx_word' id='word_1_146' title='bbox 936 3091 1017 3144; x_wconf 88' lang='lat' dir='ltr'><strong>quam</strong></span> <span class='ocrx_word' id='word_1_147' title='bbox 1036 3074 1121 3145; x_wconf 86' lang='lat' dir='ltr'><strong>pietas</strong></span> <span class='ocrx_word' id='word_1_148' title='bbox 1140 3075 1283 3145; x_wconf 74' lang='lat' dir='ltr'><strong>expressit,</strong></span> <span class='ocrx_word' id='word_1_149' title='bbox 1300 3093 1335 3128; x_wconf 89' lang='lat' dir='ltr'><strong>ne</strong></span> <span class='ocrx_word' id='word_1_150' title='bbox 1355 3074 1450 3130; x_wconf 89' lang='lat' dir='ltr'><strong>durior</strong></span> 
     </span>
     <span class='ocr_line' id='line_1_22' title="bbox 383 3151 1358 3225; baseline 0.005 -24"><span class='ocrx_word' id='word_1_151' title='bbox 383 3151 453 3204; x_wconf 88' lang='lat' dir='ltr'><strong>circa</strong></span> <span class='ocrx_word' id='word_1_152' title='bbox 468 3151 552 3212; x_wconf 82' lang='lat' dir='ltr'><strong>filios,</strong></span> <span class='ocrx_word' id='word_1_153' title='bbox 572 3152 639 3225; x_wconf 86' lang='lat' dir='ltr'><strong>Syro</strong></span> <span class='ocrx_word' id='word_1_154' title='bbox 653 3157 780 3207; x_wconf 83' lang='lat' dir='ltr'><strong>Demeam</strong></span> <span class='ocrx_word' id='word_1_155' title='bbox 795 3153 892 3205; x_wconf 83' lang='lat' dir='ltr'><strong>descri-</strong></span> <span class='ocrx_word' id='word_1_156' title='bbox 935 3152 1091 3223; x_wconf 84' lang='lat' dir='ltr'><strong>imprecatio</strong></span> <span class='ocrx_word' id='word_1_157' title='bbox 1101 3152 1167 3205; x_wconf 79' lang='lat' dir='ltr'><strong>vitio</strong></span> <span class='ocrx_word' id='word_1_158' title='bbox 1179 3170 1233 3205; x_wconf 87' lang='lat' dir='ltr'><strong>uon</strong></span> <span class='ocrx_word' id='word_1_159' title='bbox 1247 3165 1358 3206; x_wconf 78' lang='lat' dir='ltr'><strong>careret.</strong></span> 
     </span>
     <span class='ocr_line' id='line_1_23' title="bbox 383 3230 1449 3304; baseline 0.005 -24"><span class='ocrx_word' id='word_1_160' title='bbox 383 3230 469 3283; x_wconf 84' lang='lat' dir='ltr'><strong>bente.</strong></span> <span class='ocrx_word' id='word_1_161' title='bbox 486 3236 578 3282; x_wconf 81' lang='lat' dir='ltr'><strong>Donat.</strong></span> <span class='ocrx_word' id='word_1_162' title='bbox 593 3234 636 3298; x_wconf 78' lang='lat' dir='ltr'><strong>(ex</strong></span> <span class='ocrx_word' id='word_1_163' title='bbox 652 3237 747 3285; x_wconf 82' lang='lat' dir='ltr'><strong>emend.</strong></span> <span class='ocrx_word' id='word_1_164' title='bbox 763 3235 892 3301; x_wconf 84' lang='lat' dir='ltr'><strong>Zeun.)-</strong></span> <span class='ocrx_word' id='word_1_165' title='bbox 972 3237 1033 3284; x_wconf 76' lang='lat' dir='ltr'><strong>sn.</strong></span> <span class='ocrx_word' id='word_1_166' title='bbox 1052 3239 1165 3284; x_wconf 78' lang='lat' dir='ltr'><strong>Prorsum</strong></span> <span class='ocrx_word' id='word_1_167' title='bbox 1188 3253 1201 3283; x_wconf 82' lang='lat' dir='ltr'><strong>s</strong></span> <span class='ocrx_word' id='word_1_168' title='bbox 1222 3237 1293 3284; x_wconf 83' lang='lat' dir='ltr'><strong>lecto.</strong></span> <span class='ocrx_word' id='word_1_169' title='bbox 1313 3233 1411 3304; x_wconf 88' lang='lat' dir='ltr'><strong>Delph.</strong></span> <span class='ocrx_word' id='word_1_170' title='bbox 1434 3255 1449 3285; x_wconf 82' lang='lat' dir='ltr'><strong>e</strong></span> 
     </span>
     <span class='ocr_line' id='line_1_24' title="bbox 381 3310 1449 3380; baseline 0.002 -21"><span class='ocrx_word' id='word_1_171' title='bbox 381 3310 458 3360; x_wconf 71' lang='lat' dir='ltr'><strong>Aiu&#39;?</strong></span> <span class='ocrx_word' id='word_1_172' title='bbox 471 3323 519 3362; x_wconf 85' lang='lat' dir='ltr'><strong>etc.</strong></span> <span class='ocrx_word' id='word_1_173' title='bbox 534 3311 647 3365; x_wconf 88' lang='lat' dir='ltr'><strong>Certone</strong></span> <span class='ocrx_word' id='word_1_174' title='bbox 658 3312 740 3366; x_wconf 80' lang='lat' dir='ltr'><strong>dicis?</strong></span> <span class='ocrx_word' id='word_1_175' title='bbox 747 3343 782 3354; x_wconf 88' lang='lat'><em>-</em></span> <span class='ocrx_word' id='word_1_176' title='bbox 791 3319 889 3363; x_wconf 77' lang='lat' dir='ltr'><strong>Patrem</strong></span> <span class='ocrx_word' id='word_1_177' title='bbox 935 3315 997 3362; x_wconf 80' lang='lat' dir='ltr'><strong>lsoto</strong></span> <span class='ocrx_word' id='word_1_178' title='bbox 1004 3330 1114 3378; x_wconf 81' lang='lat' dir='ltr'><strong>prorsus.</strong></span> <span class='ocrx_word' id='word_1_179' title='bbox 1122 3341 1158 3352; x_wconf 89' lang='lat'>-</span> <span class='ocrx_word' id='word_1_180' title='bbox 1169 3313 1259 3362; x_wconf 74' lang='lat' dir='ltr'><strong>ttiduo</strong></span> <span class='ocrx_word' id='word_1_181' title='bbox 1268 3315 1314 3363; x_wconf 77' lang='lat' dir='ltr'><strong>Itos</strong></span> <span class='ocrx_word' id='word_1_182' title='bbox 1318 3326 1449 3380; x_wconf 75' lang='lat' dir='ltr'><strong>perpetrm,</strong></span> 
     </span>
     <span class='ocr_line' id='line_1_25' title="bbox 383 3390 1448 3457; baseline 0.004 -18"><span class='ocrx_word' id='word_1_183' title='bbox 383 3407 489 3454; x_wconf 87' lang='lat' dir='ltr'><strong>meum,</strong></span> <span class='ocrx_word' id='word_1_184' title='bbox 505 3391 638 3444; x_wconf 83' lang='lat' dir='ltr'><strong>Demeam.</strong></span> <span class='ocrx_word' id='word_1_185' title='bbox 647 3423 682 3432; x_wconf 90' lang='lat'>-</span> <span class='ocrx_word' id='word_1_186' title='bbox 691 3395 772 3444; x_wconf 75' lang='lat' dir='ltr'><strong>sodes.</strong></span> <span class='ocrx_word' id='word_1_187' title='bbox 784 3392 889 3457; x_wconf 75' lang='lat' dir='ltr'><strong>Queso.</strong></span> <span class='ocrx_word' id='word_1_188' title='bbox 933 3390 1070 3445; x_wconf 87' lang='lat' dir='ltr'><strong>continuo.</strong></span> <span class='ocrx_word' id='word_1_189' title='bbox 1084 3391 1222 3456; x_wconf 84' lang='lat' dir='ltr'><strong>Quantum</strong></span> <span class='ocrx_word' id='word_1_190' title='bbox 1233 3390 1348 3445; x_wconf 83' lang='lat' dir='ltr'><strong>sufficiat</strong></span> <span class='ocrx_word' id='word_1_191' title='bbox 1356 3391 1448 3444; x_wconf 83' lang='lat' dir='ltr'><strong>amori.</strong></span> 
     </span>
     <span class='ocr_line' id='line_1_26' title="bbox 382 3468 1447 3541; baseline 0.002 -21"><span class='ocrx_word' id='word_1_192' title='bbox 382 3468 421 3520; x_wconf 85' lang='lat' dir='ltr'><strong>De</strong></span> <span class='ocrx_word' id='word_1_193' title='bbox 431 3468 568 3532; x_wconf 73' lang='lat' dir='ltr'><strong>bacmos,</strong></span> <span class='ocrx_word' id='word_1_194' title='bbox 582 3471 618 3522; x_wconf 82' lang='lat' dir='ltr'><strong>of.</strong></span> <span class='ocrx_word' id='word_1_195' title='bbox 632 3469 701 3522; x_wconf 77' lang='lat' dir='ltr'><strong>And.</strong></span> <span class='ocrx_word' id='word_1_196' title='bbox 712 3471 761 3532; x_wconf 80' lang='lat'><strong>86.</strong></span> <span class='ocrx_word' id='word_1_197' title='bbox 777 3469 820 3522; x_wconf 87' lang='lat' dir='ltr'><strong>ed.</strong></span> <span class='ocrx_word' id='word_1_198' title='bbox 831 3469 888 3541; x_wconf 83' lang='lat' dir='ltr'><strong>huj.</strong></span> <span class='ocrx_word' id='word_1_199' title='bbox 971 3470 1030 3522; x_wconf 73' lang='lat'><strong>523.</strong></span> <span class='ocrx_word' id='word_1_200' title='bbox 1045 3473 1160 3540; x_wconf 76' lang='lat' dir='ltr'><strong>trasiae,</strong></span> <span class='ocrx_word' id='word_1_201' title='bbox 1178 3485 1203 3521; x_wconf 86' lang='lat' dir='ltr'><strong>st</strong></span> <span class='ocrx_word' id='word_1_202' title='bbox 1214 3474 1255 3524; x_wconf 83' lang='lat' dir='ltr'><strong>ist.</strong></span> <span class='ocrx_word' id='word_1_203' title='bbox 1268 3483 1317 3524; x_wconf 87' lang='lat' dir='ltr'><strong>etc.</strong></span> <span class='ocrx_word' id='word_1_204' title='bbox 1334 3471 1447 3524; x_wconf 83' lang='lat' dir='ltr'><strong>Utinam</strong></span> 
     </span>
     <span class='ocr_line' id='line_1_27' title="bbox 381 3547 1447 3622; baseline 0.007 -25"><span class='ocrx_word' id='word_1_205' title='bbox 381 3547 432 3601; x_wconf 88' lang='lat' dir='ltr'><strong>vol.</strong></span> <span class='ocrx_word' id='word_1_206' title='bbox 445 3547 472 3610; x_wconf 93' lang='lat'><strong>1,</strong></span> <span class='ocrx_word' id='word_1_207' title='bbox 483 3565 544 3618; x_wconf 79' lang='lat' dir='ltr'><strong>pag.</strong></span> <span class='ocrx_word' id='word_1_208' title='bbox 559 3561 605 3614; x_wconf 84' lang='lat' dir='ltr'><strong>at,</strong></span> <span class='ocrx_word' id='word_1_209' title='bbox 618 3549 644 3600; x_wconf 91' lang='lat' dir='ltr'><strong>in</strong></span> <span class='ocrx_word' id='word_1_210' title='bbox 657 3561 712 3602; x_wconf 86' lang='lat' dir='ltr'><strong>not.</strong></span> <span class='ocrx_word' id='word_1_211' title='bbox 934 3549 979 3600; x_wconf 83' lang='lat' dir='ltr'><strong>fiat</strong></span> <span class='ocrx_word' id='word_1_212' title='bbox 994 3549 1030 3600; x_wconf 90' lang='lat' dir='ltr'><strong>ita</strong></span> <span class='ocrx_word' id='word_1_213' title='bbox 1047 3560 1077 3601; x_wconf 90' lang='lat' dir='ltr'><strong>ut</strong></span> <span class='ocrx_word' id='word_1_214' title='bbox 1095 3561 1188 3620; x_wconf 89' lang='lat' dir='ltr'><strong>optas,</strong></span> <span class='ocrx_word' id='word_1_215' title='bbox 1204 3562 1230 3602; x_wconf 88' lang='lat' dir='ltr'><strong>et</strong></span> <span class='ocrx_word' id='word_1_216' title='bbox 1249 3548 1377 3622; x_wconf 80' lang='lat' dir='ltr'><strong>quiddam</strong></span> <span class='ocrx_word' id='word_1_217' title='bbox 1391 3569 1447 3604; x_wconf 83' lang='lat' dir='ltr'><strong>me·</strong></span> 
     </span>
    </p>

    <p class='ocr_par' dir='ltr' id='par_1_13' title="bbox 380 3626 1448 4256">
     <span class='ocr_line' id='line_1_28' title="bbox 418 3626 1447 3700; baseline 0.007 -23"><span class='ocrx_word' id='word_1_218' title='bbox 418 3632 479 3680; x_wconf 78' lang='lat'><strong>520.</strong></span> <span class='ocrx_word' id='word_1_219' title='bbox 490 3632 569 3695; x_wconf 83' lang='lat' dir='ltr'><strong>Quum</strong></span> <span class='ocrx_word' id='word_1_220' title='bbox 582 3649 707 3680; x_wconf 74' lang='lat' dir='ltr'><strong>maxume.</strong></span> <span class='ocrx_word' id='word_1_221' title='bbox 717 3626 760 3680; x_wconf 83' lang='lat' dir='ltr'><strong>sic</strong></span> <span class='ocrx_word' id='word_1_222' title='bbox 771 3628 789 3679; x_wconf 90' lang='lat' dir='ltr'><strong>l.</strong></span> <span class='ocrx_word' id='word_1_223' title='bbox 798 3627 888 3679; x_wconf 87' lang='lat' dir='ltr'><strong>Bemb.</strong></span> <span class='ocrx_word' id='word_1_224' title='bbox 933 3627 997 3688; x_wconf 83' lang='lat' dir='ltr'><strong>lius,</strong></span> <span class='ocrx_word' id='word_1_225' title='bbox 1010 3627 1176 3681; x_wconf 74' lang='lat' dir='ltr'><strong>commodius</strong></span> <span class='ocrx_word' id='word_1_226' title='bbox 1186 3629 1237 3681; x_wconf 87' lang='lat' dir='ltr'><strong>hoc</strong></span> <span class='ocrx_word' id='word_1_227' title='bbox 1246 3630 1305 3700; x_wconf 89' lang='lat' dir='ltr'><strong>ipso</strong></span> <span class='ocrx_word' id='word_1_228' title='bbox 1317 3642 1365 3682; x_wconf 91' lang='lat' dir='ltr'><strong>tuo</strong></span> <span class='ocrx_word' id='word_1_229' title='bbox 1375 3644 1447 3695; x_wconf 83' lang='lat' dir='ltr'><strong>voto,</strong></span> 
     </span>
     <span class='ocr_line' id='line_1_29' title="bbox 381 3705 1446 3779; baseline 0.005 -22"><span class='ocrx_word' id='word_1_230' title='bbox 381 3705 413 3757; x_wconf 86' lang='lat' dir='ltr'><strong>Iu</strong></span> <span class='ocrx_word' id='word_1_231' title='bbox 426 3706 508 3778; x_wconf 86' lang='lat' dir='ltr'><strong>antiq.</strong></span> <span class='ocrx_word' id='word_1_232' title='bbox 520 3710 705 3770; x_wconf 72' lang='lat' dir='ltr'><strong>cummaxime,</strong></span> <span class='ocrx_word' id='word_1_233' title='bbox 715 3725 763 3778; x_wconf 85' lang='lat' dir='ltr'><strong>per</strong></span> <span class='ocrx_word' id='word_1_234' title='bbox 773 3723 890 3759; x_wconf 86' lang='lat' dir='ltr'><strong>errorem</strong></span> <span class='ocrx_word' id='word_1_235' title='bbox 934 3706 957 3759; x_wconf 87' lang='lat' dir='ltr'><strong>si</strong></span> <span class='ocrx_word' id='word_1_236' title='bbox 975 3725 1052 3759; x_wconf 85' lang='lat' dir='ltr'><strong>senex</strong></span> <span class='ocrx_word' id='word_1_237' title='bbox 1068 3719 1155 3779; x_wconf 83' lang='lat' dir='ltr'><strong>potest</strong></span> <span class='ocrx_word' id='word_1_238' title='bbox 1168 3707 1263 3760; x_wconf 86' lang='lat' dir='ltr'><strong>facere.</strong></span> <span class='ocrx_word' id='word_1_239' title='bbox 1283 3709 1347 3762; x_wconf 74' lang='lat' dir='ltr'><strong>Haeo</strong></span> <span class='ocrx_word' id='word_1_240' title='bbox 1358 3711 1446 3762; x_wconf 85' lang='lat' dir='ltr'><strong>ambi·</strong></span> 
     </span>
     <span class='ocr_line' id='line_1_30' title="bbox 380 3784 1447 3860; baseline 0.005 -24"><span class='ocrx_word' id='word_1_241' title='bbox 380 3785 892 3856; x_wconf 71' lang='lat' dir='ltr'><strong>nranisestum.-Quummaa·ume,drtpti·</strong></span> <span class='ocrx_word' id='word_1_242' title='bbox 934 3804 985 3856; x_wconf 75' lang='lat' dir='ltr'><strong>guo</strong></span> <span class='ocrx_word' id='word_1_243' title='bbox 994 3784 1065 3840; x_wconf 84' lang='lat' dir='ltr'><strong>diota</strong></span> <span class='ocrx_word' id='word_1_244' title='bbox 1073 3787 1279 3858; x_wconf 86' lang='lat' dir='ltr'><strong>interpretamur</strong></span> <span class='ocrx_word' id='word_1_245' title='bbox 1289 3807 1345 3840; x_wconf 85' lang='lat' dir='ltr'><strong>esse</strong></span> <span class='ocrx_word' id='word_1_246' title='bbox 1355 3807 1370 3840; x_wconf 84' lang='lat' dir='ltr'><strong>a</strong></span> <span class='ocrx_word' id='word_1_247' title='bbox 1379 3789 1447 3860; x_wconf 81' lang='lat' dir='ltr'><strong>Syro</strong></span> 
     </span>
     <span class='ocr_line' id='line_1_31' title="bbox 380 3864 1446 3937; baseline 0.002 -19"><span class='ocrx_word' id='word_1_248' title='bbox 380 3873 463 3928; x_wconf 78' lang='grc' dir='ltr'><strong>λιστα,</strong></span> <span class='ocrx_word' id='word_1_249' title='bbox 476 3866 590 3918; x_wconf 82' lang='lat' dir='ltr'><strong>maximo</strong></span> <span class='ocrx_word' id='word_1_250' title='bbox 601 3884 662 3918; x_wconf 84' lang='lat' dir='ltr'><strong>eum</strong></span> <span class='ocrx_word' id='word_1_251' title='bbox 675 3865 776 3919; x_wconf 81' lang='lat' dir='ltr'><strong>ardore.</strong></span> <span class='ocrx_word' id='word_1_252' title='bbox 785 3895 820 3907; x_wconf 87' lang='lat'><strong>-·</strong></span> <span class='ocrx_word' id='word_1_253' title='bbox 830 3871 893 3933; x_wconf 78' lang='lat' dir='ltr'><strong>Ope·</strong></span> <span class='ocrx_word' id='word_1_254' title='bbox 935 3877 1057 3936; x_wconf 84' lang='lat' dir='ltr'><strong>optante,</strong></span> <span class='ocrx_word' id='word_1_255' title='bbox 1072 3864 1146 3937; x_wconf 89' lang='lat' dir='ltr'><strong>quod</strong></span> <span class='ocrx_word' id='word_1_256' title='bbox 1157 3878 1196 3918; x_wconf 87' lang='lat' dir='ltr'><strong>est</strong></span> <span class='ocrx_word' id='word_1_257' title='bbox 1207 3867 1311 3918; x_wconf 81' lang='lat' dir='ltr'><strong>servilis</strong></span> <span class='ocrx_word' id='word_1_258' title='bbox 1321 3868 1446 3932; x_wconf 72' lang='lat' dir='ltr'><strong>malitias,</strong></span> 
     </span>
     <span class='ocr_line' id='line_1_32' title="bbox 381 3943 1446 4017; baseline 0.005 -21"><span class='ocrx_word' id='word_1_259' title='bbox 381 3945 667 4006; x_wconf 79' lang='lat' dir='ltr'><strong>ris,rustici.-Utiuam</strong></span> <span class='ocrx_word' id='word_1_260' title='bbox 678 3949 785 4012; x_wconf 73' lang='lat' dir='ltr'><strong>quidam.</strong></span> <span class='ocrx_word' id='word_1_261' title='bbox 796 3945 891 3997; x_wconf 88' lang='lat' dir='ltr'><strong>Censet</strong></span> <span class='ocrx_word' id='word_1_262' title='bbox 936 3954 966 3997; x_wconf 87' lang='lat' dir='ltr'><strong>ut</strong></span> <span class='ocrx_word' id='word_1_263' title='bbox 978 3945 1023 3996; x_wconf 83' lang='lat' dir='ltr'><strong>ille</strong></span> <span class='ocrx_word' id='word_1_264' title='bbox 1034 3962 1170 4017; x_wconf 84' lang='lat' dir='ltr'><strong>nunquam</strong></span> <span class='ocrx_word' id='word_1_265' title='bbox 1183 3943 1247 3996; x_wconf 88' lang='lat' dir='ltr'><strong>inde</strong></span> <span class='ocrx_word' id='word_1_266' title='bbox 1260 3956 1364 4017; x_wconf 81' lang='lat' dir='ltr'><strong>surgat,</strong></span> <span class='ocrx_word' id='word_1_267' title='bbox 1379 3947 1408 3998; x_wconf 86' lang='lat' dir='ltr'><strong>h.</strong></span> <span class='ocrx_word' id='word_1_268' title='bbox 1423 3967 1446 4001; x_wconf 80' lang='lat' dir='ltr'><strong>e.</strong></span> 
     </span>
     <span class='ocr_line' id='line_1_33' title="bbox 380 4022 1448 4096; baseline 0.003 -20"><span class='ocrx_word' id='word_1_269' title='bbox 380 4024 497 4077; x_wconf 81' lang='lat' dir='ltr'><strong>Donatus</strong></span> <span class='ocrx_word' id='word_1_270' title='bbox 505 4022 716 4076; x_wconf 84' lang='lat' dir='ltr'><strong>subaudiendum</strong></span> <span class='ocrx_word' id='word_1_271' title='bbox 728 4027 890 4091; x_wconf 78' lang='lat' dir='ltr'><strong>opudoillam</strong></span> <span class='ocrx_word' id='word_1_272' title='bbox 934 4024 1074 4077; x_wconf 83' lang='lat' dir='ltr'><strong>moriatur.</strong></span> <span class='ocrx_word' id='word_1_273' title='bbox 1086 4025 1147 4077; x_wconf 87' lang='lat' dir='ltr'><strong>Non</strong></span> <span class='ocrx_word' id='word_1_274' title='bbox 1157 4038 1244 4077; x_wconf 85' lang='lat' dir='ltr'><strong>sutem</strong></span> <span class='ocrx_word' id='word_1_275' title='bbox 1255 4024 1377 4096; x_wconf 81' lang='lat' dir='ltr'><strong>intelligit</strong></span> <span class='ocrx_word' id='word_1_276' title='bbox 1388 4026 1448 4079; x_wconf 87' lang='lat' dir='ltr'><strong>Cte-</strong></span> 
     </span>
     <span class='ocr_line' id='line_1_34' title="bbox 383 4101 1447 4176; baseline 0.006 -23"><span class='ocrx_word' id='word_1_277' title='bbox 383 4106 429 4166; x_wconf 82' lang='lat' dir='ltr'><strong>sit,</strong></span> <span class='ocrx_word' id='word_1_278' title='bbox 448 4113 474 4155; x_wconf 90' lang='lat' dir='ltr'><strong>et</strong></span> <span class='ocrx_word' id='word_1_279' title='bbox 491 4101 724 4173; x_wconf 79' lang='lat' dir='ltr'><strong>distinguendum,</strong></span> <span class='ocrx_word' id='word_1_280' title='bbox 748 4117 890 4176; x_wconf 75' lang='lat' dir='ltr'><strong>antequam</strong></span> <span class='ocrx_word' id='word_1_281' title='bbox 935 4103 1067 4175; x_wconf 85' lang='lat' dir='ltr'><strong>sipho‚et</strong></span> <span class='ocrx_word' id='word_1_282' title='bbox 1080 4115 1153 4157; x_wconf 88' lang='lat' dir='ltr'><strong>ratus</strong></span> <span class='ocrx_word' id='word_1_283' title='bbox 1166 4123 1270 4156; x_wconf 79' lang='lat' dir='ltr'><strong>servum</strong></span> <span class='ocrx_word' id='word_1_284' title='bbox 1289 4118 1353 4156; x_wconf 79' lang='lat' dir='ltr'><strong>voto</strong></span> <span class='ocrx_word' id='word_1_285' title='bbox 1367 4107 1447 4159; x_wconf 85' lang='lat' dir='ltr'><strong>etiam</strong></span> 
     </span>
     <span class='ocr_line' id='line_1_35' title="bbox 383 4181 1399 4256; baseline 0.004 -22"><span class='ocrx_word' id='word_1_286' title='bbox 383 4181 513 4234; x_wconf 83' lang='lat' dir='ltr'><strong>inferatur</strong></span> <span class='ocrx_word' id='word_1_287' title='bbox 521 4181 593 4252; x_wconf 88' lang='lat' dir='ltr'><strong>quod</strong></span> <span class='ocrx_word' id='word_1_288' title='bbox 609 4181 739 4254; x_wconf 83' lang='lat' dir='ltr'><strong>sequitur.</strong></span> <span class='ocrx_word' id='word_1_289' title='bbox 755 4182 891 4256; x_wconf 82' lang='lat' dir='ltr'><strong>Malumus</strong></span> <span class='ocrx_word' id='word_1_290' title='bbox 936 4183 1052 4237; x_wconf 79' lang='lat' dir='ltr'><strong>vividius</strong></span> <span class='ocrx_word' id='word_1_291' title='bbox 1066 4184 1169 4251; x_wconf 79' lang='lat' dir='ltr'><strong>favere,</strong></span> <span class='ocrx_word' id='word_1_292' title='bbox 1183 4181 1339 4256; x_wconf 71' lang='lat' dir='ltr'><strong>respondet,</strong></span> <span class='ocrx_word' id='word_1_293' title='bbox 1352 4189 1399 4238; x_wconf 82' lang='lat' dir='ltr'><strong>ito.</strong></span> 
     </span>
    </p>
   </div>
   <div class='ocr_carea' id='block_1_9' title="bbox 0 0 1564 5178">
    <p class='ocr_par' dir='ltr' id='par_1_14' title="bbox 0 0 1564 5178">
     <span class='ocr_line' id='line_1_36' title="bbox 0 0 1564 5178; baseline 0 2"><span class='ocrx_word' id='word_1_294' title='bbox 0 0 1564 5178; x_wconf 95' lang='lat' dir='ltr'><strong> </strong></span> 
     </span>
    </p>
   </div>
  </div>
 </body>
</html>
