3026 5184
363 440 433 577 ist

588 496 768 566 PUBLII
792 499 1048 568 TERENTII
1073 501 1196 571 AFRI

359 629 448 717 Quia
464 651 627 721 nusquam
645 631 798 700 insanum
817 631 895 702 fecit
915 629 1198 702 adolescentulum

359 737 503 803 Cervam
526 733 640 804 videre
662 735 793 830 fugere,
815 752 849 806 et
866 740 984 807 secturi
1005 763 1121 822 canes,

361 843 407 909 Et
423 865 496 910 eam
513 839 660 935 plorare,
682 867 795 930 orare,
814 858 851 912 ut
869 841 1043 914 subveniat
1064 845 1135 915 sibi.

362 946 465 1036 Quod
483 949 509 1017 si
529 946 743 1042 intelligeret,
764 948 842 1018 olim
862 976 965 1045 quum
988 954 1076 1021 stetit
1093 975 1196 1033 nova,

314 1074 315 1077 ’
361 1055 492 1123 Actoris
514 1079 616 1148 opera
636 1057 740 1150 magis
763 1059 889 1127 stetisse
907 1082 1006 1153 quam
1027 1082 1104 1144 sua;
1402 1086 1424 1111 ¹⁰

360 1161 474 1228 Minus
497 1159 602 1230 multo
618 1161 791 1249 audacter,
813 1187 912 1257 quam
931 1188 1020 1232 nunc
1038 1162 1141 1250 laedit,
1158 1161 1300 1233 laederet.

361 1267 460 1335 Nunc
480 1269 507 1335 si
526 1269 599 1361 quis
617 1282 686 1356 est,
704 1270 761 1364 qui
780 1269 845 1339 hoc
861 1270 966 1358 dicat,
986 1284 1044 1339 aut
1060 1271 1105 1339 sic
1125 1271 1266 1364 cogitet:

360 1375 466 1442 Vetus
482 1373 508 1443 si
527 1391 626 1468 poeta
641 1399 710 1443 non
728 1374 910 1446 lacessisset
923 1378 1030 1471 prior,

360 1549 416 1614 aui,
429 1548 531 1600 infimo.
542 1579 577 1591 ·-
589 1553 658 1609 Levi,
672 1549 753 1602 nimis
765 1549 869 1602 humili.

395 1631 422 1680 6.
435 1633 573 1696 Nusquam.
589 1629 645 1681 Iett.
657 1640 684 1680 et
697 1629 792 1682 Venet.
807 1651 870 1682 nun·

359 1727 443 1774 quam.
452 1710 566 1760 -Feer't.
576 1709 671 1762 Donat.
682 1708 716 1762 ad
727 1709 779 1764 loc.
791 1715 871 1763 «scri-

356 1790 413 1853 psit.
428 1786 537 1857 Legitur
547 1799 571 1840 et
578 1790 651 1858 secie.
661 1814 672 1835 ι
686 1794 798 1857 -Quia
812 1811 870 1842 nus·

337 1865 338 1872 ’
358 1885 448 1934 qnam,
470 1879 519 1919 etc.
544 1867 602 1920 Hoc
624 1869 659 1920 ab
683 1869 773 1940 aliqua
797 1870 870 1924 istius

361 1945 455 1998 veteris
465 1958 549 2018 poete
559 1947 685 2000 comoedia
696 1949 791 2012 sumit,
803 1962 829 2002 et
842 1960 872 2002 ut

361 2023 491 2077 insulsum
504 2043 535 2078 ac
548 2027 651 2097 puerile
661 2027 800 2082 Terentius
814 2027 872 2080 irri-

360 2101 413 2155 det.
429 2134 463 2144 —
481 2109 618 2170 Insanum,
638 2123 671 2156 ex
690 2124 780 2158 amore
800 2106 872 2159 iuss·

358 2194 483 2234 mentem.

394 2280 419 2330 7.
438 2267 538 2314 Cervam
551 2263 651 2330 fiagcrc.
667 2261 726 2314 Non
741 2275 780 2316 est
797 2264 871 2334 quud

358 2340 464 2404 credas,
478 2361 573 2393 cervam
588 2341 632 2396 hic
644 2341 794 2413 siguificare
803 2344 869 2396 ami-

360 2439 419 2472 cam
446 2419 481 2472 ob
508 2439 589 2490 quam
616 2422 692 2473 multi
724 2420 870 2493 depereant

360 2512 498 2554 amatores.
517 2503 556 2553 De
574 2499 629 2554 sera
644 2501 797 2571 simpliciter
812 2523 870 2557 cre·

360 2581 448 2635 dimus
474 2581 635 2634 mentionem
665 2583 738 2648 fieri;
762 2596 796 2635 ut>
819 2584 868 2652 fit,

359 2681 442 2734 quum
455 2662 541 2715 insani
555 2675 581 2715 et
591 2664 707 2718 furentes
719 2675 831 2734 putant,
842 2683 871 2717 se

359 2741 450 2796 ridere
461 2740 535 2814 quod
547 2761 602 2794 uon
615 2742 718 2806 vident,
731 2754 757 2794 et
769 2760 817 2796 sua
830 2761 871 2795 ar-

358 2835 443 2895 guunt
457 2822 558 2877 deliria.

394 2903 418 2955 8.
430 2907 462 2952 Er
473 2923 527 2954 eam
536 2907 651 2970 plorare,
667 2913 717 2954 etc.
735 2903 775 2953 De
789 2919 867 2954 cerva

355 2979 464 3051 quidem
480 2999 495 3032 a
510 2981 618 3034 cunibus
632 2980 743 3052 agitata,
755 2991 782 3034 et
795 2979 868 3032 auxi·

354 3061 420 3114 lium
435 3058 575 3111 hominum
593 3060 755 3130 implorante
767 3077 867 3111 memo-

355 3152 398 3192 rat
410 3137 489 3191 ovid.
502 3157 535 3190 ex
550 3139 625 3192 Pont.
636 3139 680 3202 ll,
696 3157 734 3202 rr,
755 3139 797 3206 39.
816 3134 870 3190 Sed

355 3222 413 3272 haec
431 3218 518 3271 omnis
536 3222 680 3292 πιρίστασις
696 3219 795 3290 tragica
810 3229 866 3280 est,

358 3312 384 3354 et
404 3297 465 3350 ideo
482 3298 509 3348 in
529 3296 658 3350 comedia
676 3297 770 3350 vitiose
791 3296 869 3349 iudu-

357 3379 436 3432 cltur.
449 3382 541 3428 Donat.

393 3473 418 3524 9.
440 3458 504 3508 Olim
526 3475 600 3522 quum
619 3457 684 3506 stetit
702 3475 776 3506 nova.
791 3455 871 3506 Recte

357 3537 431 3596 olna,-
456 3533 532 3606 quasi
563 3533 654 3598 dicat,
679 3551 762 3604 quum
784 3531 873 3586 adhuc

349 3614 495 3672 ,Terentius
517 3631 572 3666 non
595 3613 740 3672 scriberet,
761 3613 868 3684 penuria

357 3694 497 3746 meliorum
507 3702 546 3744 est
555 3692 674 3762 probata.
682 3689 785 3744 Deinde
795 3691 868 3761 quod

915 1570 948 1605 va
962 1549 1059 1623 placuit
1071 1551 1168 1604 fabula.
1183 1573 1195 1597 ι
1209 1550 1324 1604 Minime
1338 1550 1381 1603 bic
1394 1549 1427 1603 de

914 1630 1050 1694 Terentii,
1064 1648 1159 1684 verum
1172 1630 1252 1683 unice
1265 1628 1301 1682 'de
1313 1629 1428 1682 Lanuvii

915 1709 1005 1763 labula
1015 1710 1111 1780 agitur.

952 1791 1103 1842 10.Aeroris
1116 1809 1211 1858 opera,
1229 1799 1279 1840 etc.
1297 1787 1330 1839 Id
1345 1786 1429 1857 magis

913 1867 1015 1922 lectum
1042 1887 1115 1932 esse,
1145 1867 1207 1940 quia
1230 1866 1326 1944 optimi
1353 1877 1430 1918 eram

914 1959 1030 2010 actores,
1044 1967 1125 2020 quam
1143 1945 1217 2020 quod
1229 1944 1287 2020 ipsa
1299 1943 1431 1998 comesdin

914 2027 983 2078 bona
996 2040 1021 2079 et
1031 2027 1098 2079 bene
1108 2026 1203 2098 scripta
1214 2027 1429 2078 esset—Stetissc.

914 2105 1018 2158 Dicitur
1030 2121 1097 2156 stare
1110 2105 1220 2171 fabula,
1242 2123 1304 2177 quse
1321 2103 1407 2176 placet
1418 2123 1426 2167 ;

915 2187 1014 2248 cadere,
1021 2201 1079 2256 quae
1089 2183 1248 2254 exploditur.

953 2281 993 2314 11.
1009 2266 1143 2313 Audacter.
1158 2261 1215 2314 Mu.
1231 2261 1271 2313 ed.
1287 2265 1429 2313 audaciter.

914 2341 969 2406 Qui
979 2342 1059 2412 vulgo
1071 2341 1192 2412 sequitur
1202 2359 1241 2393 rs.
1250 2345 1282 2391 Et
1289 2343 1369 2408 tnagis
1374 2345 1431 2408 pla·

913 2436 993 2472 cerens
1003 2413 1171 2488 qnasfecisset
1176 2422 1277 2487 fabulas
1290 2418 1364 2470 huuc
1384 2419 1431 2472 Fa.

913 2500 1040 2572 probante
1054 2501 1099 2553 Be.
1117 2499 1210 2572 ejecit,
1223 2511 1251 2551 ut
1264 2517 1315 2551 uec
1328 2517 1344 2550 a
1358 2501 1431 2552 Don.

914 2584 1045 2650 positum,
1067 2598 1116 2632 uec
1136 2579 1163 2630 in
1186 2578 1269 2630 tribus
1287 2578 1431 2649 antiquiss.

914 2657 977 2710 libb.
992 2658 1131 2720 Bembiuo,
1142 2657 1276 2712 Vaticano
1293 2669 1320 2711 et
1337 2657 1433 2711 Victo·

914 2737 990 2791 riano
999 2738 1139 2808 scriptum,
1147 2757 1196 2792 uec
1207 2738 1272 2790 boni
1280 2731 1433 2810 quidquam

914 2837 1005 2871 sensus
1025 2818 1189 2871 afferentem.
1211 2818 1313 2870 Petitus
1332 2830 1385 2884 est,
1400 2830 1433 2871 ut

912 2897 1036 2969 equidem
1050 2897 1155 2968 opinor,
1175 2898 1209 2950 ab
1222 2895 1306 2949 Andr.
1320 2897 1391 2950 Prol.
1407 2899 1433 2950 3.

913 2977 1001 3028 Etiam
1013 2975 1163 3030 Lindenbr.
1174 2976 1311 3039 observat,
1320 2974 1397 3028 huuc
1406 2996 1434 3029 v.

913 3075 937 3108 a.
957 3054 1090 3128 plerisque
1105 3055 1169 3108 Mes.
1181 3056 1282 3108 abesse.
1293 3058 1434 3108 Pedes.—

913 3138 996 3188 Minus
1015 3139 1091 3185 malm
1112 3139 1243 3186 audacter.
1264 3133 1435 3206 Transposit.

914 3225 952 3267 est
961 3232 1010 3286 pro
1025 3218 1099 3265 multo
1110 3217 1169 3266 mia.
1180 3217 1239 3265 arad.

952 3312 992 3346 ra.
1007 3296 1095 3361 Siquis
1109 3309 1150 3346 ert.
1164 3293 1254 3348 Scilic.
1267 3292 1302 3344 de
1315 3293 1434 3364 populo.

914 3403 949 3413 —
964 3377 1016 3422 Hoc
1028 3377 1111 3434 dicat,
1127 3389 1171 3424 aut
1185 3375 1330 3442 subcogitet.
1349 3371 1436 3436 Quod

915 3469 1010 3522 nempe
1032 3451 1169 3506 continent
1190 3465 1243 3504 tres
1270 3469 1365 3504 versus
1386 3451 1437 3524 qui

917 3546 1074 3605 sequuntur.

952 3614 991 3666 13.
1006 3619 1078 3663 Vetus
1087 3613 1108 3662 si
1112 3625 1199 3678 poeta,
1212 3622 1263 3664 etc.
1275 3609 1328 3662 llic
1339 3628 1436 3664 sensns

913 3703 969 3744 est:
993 3692 1071 3758 Nunc
1094 3691 1116 3744 si
1140 3691 1199 3762 quis
1227 3701 1286 3756 est,
1304 3690 1353 3760 qui
1378 3689 1437 3744 boo

355 3773 392 3825 ait
404 3792 482 3830 nova,
493 3769 545 3822 hoc
556 3770 704 3842 siguificat,
716 3771 806 3823 omnia
815 3790 870 3823 car·
913 3768 982 3824 dicut
994 3784 1041 3824 aut
1056 3784 1162 3823 censeat
1174 3789 1180 3822 :
1205 3796 1218 3816 κ
1231 3770 1380 3841 Improbus
1395 3782 1438 3824 eet

354 3852 424 3906 urina
448 3851 566 3903 novitate
587 3849 643 3922 ipsa
668 3849 868 3916 commendari,
913 3849 1234 3922 Terentius,quiomnes
1253 3848 1381 3920 prologos
1400 3849 1437 3904 de

355 3930 458 3986 etiamsi
479 3931 580 3982 nullius
604 3930 730 3982 momenti
756 3930 815 3985 sint.
834 3960 868 3969 -
913 3927 1059 3981 maledictis
1080 3929 1189 3984 tacita:
1217 3927 1316 3979 babeat
1335 3929 1358 3978 is
1380 3926 1438 3982 hoc

355 4012 472 4065 Perletus
484 4007 545 4074 liic,
562 4009 692 4061 nescimus
708 4027 761 4080 quo
781 4028 869 4060 errore
913 4025 1068 4078 responsum
1084 4008 1151 4068 sibi,
1171 4006 1355 4060 adversarium
1371 4025 1437 4060 coe-

354 4088 755 4151 instirrctus,vultsensumesse:
765 4089 870 4152 «Quum
915 4087 997 4158 gisae,
1015 4088 1061 4157 qni
1072 4087 1261 4158 provocaverit.
1276 4087 1346 4138 Nam
1365 4087 1438 4156 qnid

352 4169 472 4224 Terentii
482 4166 627 4222 admodum
641 4166 811 4222 adolescentis
824 4185 871 4220 uo·
917 4167 1014 4220 faceret
1024 4166 1178 4232 Terentius,
1196 4183 1280 4237 quum
1295 4163 1329 4217 de
1340 4166 1439 4236 palma
