3026 5184
366 463 436 550 184
590 461 768 531 PUBLII
797 462 1043 532 TERENTII
1070 461 1193 531 AFRI

357 597 419 664 ΡΗ.
443 592 522 665 Noli
548 593 686 662 fodere:
707 594 798 686 jussi.
822 595 887 662 La.
915 583 981 660 Sed
1003 617 1075 660 eam
1096 593 1166 686 jam
1184 594 1344 665 remittet.
1365 597 1435 665 Pu.

518 699 659 789 Scilicet.
1133 719 1137 731 ·

302 879 311 902 .
359 807 602 878 PantOmnem
613 831 684 875 rem
698 806 776 893 scio,
784 820 821 874 ut
831 805 871 874 sit
882 804 1182 900 gestazadveniens
1194 806 1307 876 audivi
1317 807 1435 878 modo.

358 917 425 984 La.
439 917 482 983 At
491 912 708 983 istosinvidos
715 911 760 980 Di
768 910 926 1006 perdant,
937 912 994 1006 qui
1005 911 1077 982 haec
1090 910 1231 981 libenter
1241 917 1412 983 nuntiant.

359 1023 451 1089 Pam.
470 1023 544 1113 Ego
557 1044 611 1087 me
625 1019 693 1088 scio
713 1020 854 1106 cavisse,
868 1042 909 1086 ne
924 1017 991 1086 ulla
1003 1020 1122 1086 merito
1137 1018 1340 1090 contumelia
1394 1049 1438 1099 470

359 1127 446 1194 Fieri
462 1151 482 1196 a
496 1124 590 1196 vobis
606 1139 738 1220 posset;
755 1125 854 1218 idque
869 1126 1004 1194 sinunc
1021 1148 1207 1194 memorare
1223 1126 1279 1196 bic
1293 1125 1418 1217 velim,

360 1235 470 1320 Quam
486 1230 575 1301 fideli
592 1233 703 1301 animo
717 1245 751 1301 et
761 1231 904 1325 benigno
918 1232 952 1299 in
967 1229 1056 1300 illam
1071 1247 1104 1300 et
1124 1231 1279 1302 clementi
1295 1233 1364 1323 fui,

359 1343 448 1407 Vere
464 1363 615 1432 possum,
635 1340 715 1407 nite
729 1363 770 1408 ex
787 1339 858 1432 ipsa
873 1338 944 1407 haec
959 1338 1065 1432 magis
1076 1337 1175 1408 velim
1187 1340 1376 1416 resciscere.

358 1445 511 1538 Namque
523 1469 563 1513 eo
574 1459 673 1538 pacto
683 1469 837 1514 maxume
849 1443 938 1538 apud
950 1457 983 1512 te
997 1469 1073 1513 meo
1086 1446 1149 1513 erit
1158 1445 1291 1540 ingenio
1306 1445 1412 1534 fides,

358 1553 473 1639 Quum
486 1549 627 1643 illa‚quae
638 1551 672 1619 in
679 1576 829 1632 menune
838 1552 950 1645 iniqua
958 1564 1018 1636 est,
1027 1551 1170 1644 aequade
1177 1577 1230 1620 me
1240 1551 1372 1622 dixerit.
1391 1579 1438 1634 ⁴⁷⁵

359 1659 476 1751 Neque
490 1681 563 1726 mea
577 1656 676 1751 culpa
689 1657 755 1727 hoe
769 1656 943 1728 discidium
954 1658 1118 1744 evenisse,
1140 1657 1174 1726 id
1191 1673 1296 1727 testor
1309 1662 1416 1731 Deos.

360 1763 425 1832 Sed
441 1763 575 1858 quando
593 1789 664 1832 sese
680 1789 751 1834 esse
767 1763 936 1856 indignam
954 1762 1093 1858 deputat
1106 1766 1204 1832 matri
1220 1791 1304 1834 meae

360 1872 445 1959 Quae
459 1870 638 1958 concedat,
653 1895 791 1965 quaeque
807 1871 878 1963 ejus
897 1895 1007 1940 mores
1026 1868 1145 1939 toleret
1158 1895 1218 1941 sua
1231 1871 1398 1942 modestia
1407 1899 1421 1957 ςΙ

241 2077 243 2084 Α
358 1976 475 2070 Neque
490 1975 554 2046 alio
575 1991 675 2072 pacto
693 1977 848 2072 componi
867 1991 977 2073 potest
992 1977 1077 2046 inter
1097 2000 1153 2046 eas
1174 1980 1300 2072 gratia:

361 2083 571 2179 Segreganda
584 2097 642 2152 aut
653 2098 759 2154 mater
773 2108 794 2162 a
809 2107 862 2153 me
877 2097 942 2170 ost,
952 2077 1135 2178 Phidippe,
1149 2098 1208 2153 aut
1221 2083 1440 2162 Philumena.

363 2291 485 2361 ambages
495 2290 567 2344 venit
580 2289 614 2343 ad
625 2308 768 2363 remquam
778 2310 793 2344 a
803 2291 874 2363 prin·
918 2321 954 2332 -
972 2298 1035 2345 Vere
1041 2312 1142 2361 possam
1149 2329 1158 2354 ,
1170 2310 1208 2346 ae.
1220 2281 1389 2361 memorate,
1403 2313 1437 2348 ex

363 2371 434 2443 cipio
447 2369 613 2424 intendebat.
626 2375 715 2423 —Ad
729 2391 756 2422 se
772 2375 873 2426 arcessi.
918 2389 956 2426 va.
967 2379 1029 2443 471.

361 2449 421 2504 lloc
434 2449 574 2502 mendacio
583 2450 675 2512 utitur,
686 2463 716 2504 ut
728 2461 798 2522 tegat
809 2469 874 2504 uxo·
955 2456 1016 2520 474.
1032 2455 1067 2501 Ee
1082 2464 1173 2518 pacto,
1183 2468 1215 2504 eo
1225 2449 1317 2505 medo.
1328 2481 1366 2492 -
1374 2456 1437 2503 Ha·

363 2549 420 2583 rem
434 2542 528 2602 sponte
539 2547 585 2582 sna
593 2529 798 2598 abiisse-Hie,
808 2530 871 2583 Phi·
918 2548 993 2582 amne
1005 2532 1075 2597 apud
1093 2545 1115 2582 te
1129 2549 1183 2583 meo
1197 2533 1266 2593 erit,‘
1278 2541 1330 2584 ete.
1344 2531 1439 2603 Magia

362 2611 468 2683 dippua.
495 2639 530 2650 -
557 2612 604 2661 Die
620 2612 722 2678 jussero
744 2624 777 2665 te.
802 2610 873 2662 Dieit
917 2608 1009 2663 credes
1021 2628 1064 2663 me
1078 2609 1123 2662 tali
1138 2627 1194 2664 ease
1205 2610 1327 2680 ingenio.

256 2691 259 2697 “
360 2689 428 2753 boe,
441 2687 603 2760 Phidippum
613 2687 730 2752 fodiem,
745 2689 873 2745 submissa
953 2690 1013 2758 476.
1027 2690 1172 2748 Discidium.
1181 2689 1222 2741 dl.
1231 2691 1317 2741 dissid.

363 2788 440 2822 voce.
799 2807 802 2812 -
953 2775 1015 2838 1177.
1028 2771 1077 2819 Sed
1089 2771 1191 2836 quande
1202 2787 1255 2818 sese
1269 2787 1332 2820 esse.
1345 2767 1394 2820 Fa.
1403 2787 1437 2821 ex

399 2852 460 2918 467.
474 2850 640 2916 Nalifodm.
649 2847 799 2902 Videbatur
808 2867 873 2902 vero
918 2848 1041 2901 omnibus
1054 2847 1128 2900 libris
1141 2847 1210 2911 suia,
1220 2867 1277 2900 esse.
1293 2847 1358 2900 Non
1368 2846 1438 2900 hab.

346 2928 464 2990 ,Laches
477 2926 637 3000 Phidippum
650 2927 744 2980 durius
754 2926 873 2987 tundere,
917 2927 966 2980 lib.
976 2928 1058 3000 antiq.

362 3024 411 3060 eeu
423 3005 521 3077 digito,
533 3023 579 3058 teu
594 3005 701 3068 cubito,
720 3004 801 3077 idque
818 3024 874 3058 mo-
954 3010 1014 3074 478.
1037 3015 1131 3076 Qua...
1145 3027 1226 3075 quoq.
1239 3008 1301 3075 ejas.
1315 3005 1360 3059 sic
1374 3023 1437 3058 mn-

363 3085 446 3141 nendi
458 3086 551 3157 gratia.
564 3090 639 3141 West.
649 3091 761 3138 4ωεί.
772 3085 873 3139 Admo·
917 3097 970 3139 tata
981 3087 1065 3140 Bentl.
1075 3087 1223 3158 probantur
1231 3096 1258 3138 et
1267 3083 1344 3137 mibi.
1352 3085 1438 3156 ang.

360 3166 448 3228 nitns,
463 3165 532 3218 alara
547 3183 610 3219 voce
627 3167 680 3220 hoe
693 3166 766 3221 dicit.
776 3169 872 3218 -Sci-
917 3169 987 3219 eni...
999 3169 1124 3235 cujusque.
1139 3167 1172 3218 1..
1188 3165 1282 3218 Bemb.
1300 3169 1365 3230 ραι
1376 3183 1439 3217 eoa-

361 3247 425 3306 Ιίοιτ,
438 3255 510 3297 eerte
522 3264 571 3316 ego
578 3246 719 3298 remittam.
917 3249 973 3298 ced.
983 3266 998 3299 a
1008 3264 1090 3298 maan
1104 3243 1218 3300 secanda
1226 3282 1234 3309 ,
1242 3243 1295 3296 Gu.
1307 3255 1335 3295 et
1348 3243 1436 3296 Gran.

397 3325 457 3387 468.
470 3327 540 3389 Seio,
551 3344 587 3378 tc.
599 3343 630 3378 ex
643 3326 818 3379 Parmenone.
917 3326 1099 3396 probantibus.
1115 3325 1204 3377 Altera
1216 3322 1328 3376 mutatio
1348 3323 1439 3376 Bentl.

397 3404 873 3478 469.stanparticulminitioaen·
918 3409 1027 3458 Pert—
1045 3410 1154 3471 Quaeque
1173 3404 1242 3472 ejas,
1266 3420 1343 3473 aeque
1366 3401 1437 3456 milti

361 3485 451 3538 tentiae
461 3484 573 3556 abrupte
582 3486 679 3556 posita,
687 3484 874 3555 indignationis
917 3483 1005 3554 placet
1017 3503 1071 3556 prae
1082 3482 1152 3553 vulg.
1162 3481 1292 3542 lectione,
1305 3483 1437 3550 cujusque.

362 3575 388 3617 et
399 3565 525 3616 commoti
533 3563 652 3618 animum
664 3564 769 3634 signum
781 3575 828 3616 est.
838 3592 874 3604 -··
917 3563 1018 3634 Alleg.
1028 3565 1097 3631 cujas
1108 3561 1206 3615 omisso
1216 3579 1273 3628 que.
1284 3559 1440 3614 lloemodo

361 3650 426 3695 Istos
443 3646 550 3716 irridet,
562 3642 609 3713 qni
625 3643 725 3696 scilieet
736 3643 873 3696 matrimo-
918 3640 1075 3694 Beaodam
1086 3639 1176 3700 solvit.
1194 3657 1248 3710 qno
1267 3639 1379 3710 vulgata
1397 3639 1440 3692 le·

361 3723 408 3775 nio
421 3720 564 3776 inrideant.
918 3721 972 3774 etio
980 3719 1133 3791 impeditur.
1142 3722 1204 3771 Part.
1212 3721 1396 3783 -Goaeedat‚
1408 3737 1438 3772 se

398 3809 458 3870 470.
476 3806 529 3868 Ego
552 3819 591 3851 me
608 3805 668 3853 scie.
683 3799 746 3852 llaec
768 3810 793 3852 et
814 3818 873 3871 qun
917 3797 1297 3868 submittat.-Ejua‚ntatria
1310 3815 1438 3852 meaa.-

361 3892 508 3951 sequuntur
521 3878 555 3931 ad
564 3878 723 3951 Phidippum
730 3896 873 3932 conterens
919 3883 1010 3933 Mores.
1021 3878 1115 3930 Maluit
1125 3877 1177 3930 hoe
1190 3876 1292 3940 dicere,
1303 3895 1388 3948 quam
1398 3881 1438 3930 ia·

360 3955 427 4014 dicit
438 3959 553 4031 juvenis.
912 3959 1196 4024 jutitia-Modestia,
1212 3955 1408 4010 moderatione.

397 4049 458 4104 471.
469 4040 541 4099 Fien',
557 4036 645 4108 suppl.
660 4038 728 4090 miii.
954 4037 1014 4098 ato.
1027 4039 1187 4105 Segreganda
1196 4035 1297 4094 estliio
1307 4036 1437 4108 impletur

396 4119 458 4188 573.
479 4123 583 4168 Possum.
599 4114 662 4178 Alii,
673 4118 776 4182 possim,
796 4115 872 4170 male.
919 4115 1073 4168 deliberatio
1084 4116 1141 4182 illa,
1153 4134 1229 4170 scena
1239 4115 1434 4186 superiorem.
