3064 5180
424 573 495 665 159

641 539 826 643 runnu
858 575 1112 645 rennurn
1140 575 1264 644 arnt

415 710 500 776 Pan.
522 708 625 775 «Hoc
640 731 702 801 ego
712 694 878 801 proferre,
890 706 1139 776 incommodum
1154 707 1199 776 ml
1212 731 1282 778 esse
1296 707 1460 795 arbitror;

417 812 524 882 Reddi
537 826 648 882 autem
663 815 765 908 patri,
783 814 836 882 cui
853 827 889 882 tu
906 812 951 883 nil
969 813 1058 884 dicas
1079 815 1165 898 vitii,

415 919 602 1013 Superbum
623 933 690 1003 est;
719 920 776 988 sed
794 917 880 988 illam
894 945 1011 1015 spero,
1030 921 1088 990 ubi
1102 923 1282 1016 cognoveri
1449 946 1485 983 1⁵³

416 1025 493 1095 Non
515 1051 611 1121 posse
627 1051 661 1094 se
677 1049 807 1095 mecum
822 1049 907 1112 esse,
922 1027 1086 1096 abituram
1100 1025 1252 1121 denique.
1269 1057 1286 1092 s

415 1131 477 1199 ΡΗ.
494 1130 610 1220 Quid?
626 1134 751 1201 interea
766 1133 877 1202 ibatne
894 1133 935 1202 ad
949 1132 1172 1203 Bacchidem?
1192 1133 1274 1204 Pan.
1292 1133 1465 1222 Quotidie.

416 1236 497 1324 Sed,
512 1253 549 1307 ut
567 1237 620 1325 fit,
638 1254 814 1333 postquam
829 1239 920 1309 hunc
937 1239 1079 1309 alienum
1098 1241 1140 1309 ab
1156 1265 1227 1310 sese
1243 1241 1351 1326 videt,

415 1343 563 1438 Maligna
578 1344 683 1415 multo
703 1360 736 1414 et
753 1347 857 1440 magis
877 1371 1002 1441 procax
1019 1347 1107 1416 facta
1125 1345 1211 1417 illico
1225 1361 1284 1418 est.

415 1452 477 1519 Pu.
488 1450 566 1519 Non
577 1451 702 1546 aedepol
714 1454 944 1522 miruijan.
958 1457 1066 1550 Atque
1077 1479 1116 1523 ea
1128 1479 1179 1523 res
1191 1453 1297 1523 multo
1311 1477 1470 1522 maxume

415 1557 583 1652 Disjunxit
594 1557 686 1626 illum
701 1559 742 1627 ab
757 1558 832 1646 ilta;
851 1574 1025 1654 postquam
1038 1576 1072 1630 et
1086 1563 1155 1656 ipse
1170 1585 1221 1647 se,
1450 1585 1483 1620 1⁶1

416 1665 459 1731 Et
473 1661 581 1750 illam,
600 1679 633 1732 et
649 1665 737 1733 hanc
752 1689 825 1759 quae
840 1666 930 1736 domi
944 1681 1029 1752 erat,
1041 1670 1200 1761 cognovit
1214 1669 1309 1753 satis,

415 1769 466 1838 Ad
485 1769 671 1865 exemplum
684 1771 856 1842 ambarum
874 1797 983 1843 mores
996 1799 1110 1843 earum
1127 1775 1337 1844 existumans.

414 1955 452 1998 eet
465 1944 573 2016 optimae
587 1943 745 1997 adolescenti
757 1946 845 1999 facere
855 1947 926 2018 iuju-

415 2024 489 2078 riam.
505 2049 516 2070 ι
530 2024 590 2076 Nou
606 2023 658 2076 ulia
669 2024 715 2077 hic
729 2025 866 2079 sententia.
878 2033 926 2077 Pu-

415 2106 497 2156 dicam
522 2115 630 2166 autem,
648 2103 835 2157 verecundiam
853 2106 926 2157 illam

414 2193 582 2253 notat,quam
590 2181 745 2253 Pamphilus
755 2184 811 2254 ipse
820 2184 871 2236 sibi
882 2183 926 2236 de·

414 2261 484 2326 buit,
497 2259 637 2332 indiguum
655 2279 683 2313 se
693 2261 759 2314 illud
773 2263 924 2316 existiman·

415 2338 459 2402 do,
472 2339 733 2411 quodabhouestate
749 2355 850 2394 tantum
868 2341 924 2394 abi-

413 2431 460 2473 ret.
474 2421 528 2486 Qui
538 2421 608 2473 enim
619 2422 691 2474 abuti
697 2421 805 2474 honesta
818 2423 926 2486 femina,

413 2509 439 2549 et
453 2511 542 2570 postea
552 2499 683 2554 dimittere
695 2519 751 2554 eam
766 2502 793 2552 in
806 2503 925 2554 animum

414 2576 564 2641 induceret,
578 2579 702 2649 injurium
717 2592 833 2632 atrocem
848 2582 875 2633 iu
893 2581 925 2632 il-

415 2657 476 2722 lam,
486 2656 682 2728 turpitudinem
696 2659 722 2708 in
733 2675 762 2710 se
775 2657 925 2710 admitteret

414 2735 565 2788 maximam.
587 2736 695 2808 Injurioe
714 2740 797 2803 pietas
821 2737 924 2800 obstat,

415 2811 575 2886 turpitudini
584 2819 674 2882 pudor.
687 2841 697 2860 ι

453 2893 513 2947 153.
527 2897 589 2961 Ego.
604 2895 645 2946 Br.
660 2913 728 2962 ergo.
747 2925 781 2932 -
796 2894 841 2947 Mt.
856 2894 924 2961 Alii,

415 2977 481 3026 mihi.
494 3003 529 3014 --
538 2973 656 3040 Pmsirrre.
669 2973 740 3025 Patri
756 2992 816 3026 meo
829 2993 927 3027 renun-

414 3053 488 3106 tiare.
499 3051 588 3105 Verba
612 3051 743 3122 Pamphili
761 3063 823 3105 sunt
847 3053 925 3106 etiam

415 3149 496 3184 nuuc.
515 3162 550 3171 —
561 3134 742 3183 Incommodum
761 3131 801 3184 mis
816 3133 877 3185 Scil.
892 3133 927 3186 ob

416 3227 551 3264 rumorem
562 3211 696 3263 sinistrum
712 3221 737 3263 et
752 3212 820 3264 iram
834 3213 928 3282 patris,

415 3291 461 3362 qui
472 3301 563 3343 auctor
577 3304 614 3344 est
627 3291 723 3344 harum
735 3292 898 3364 nuptiarum.

455 3369 513 3433 154.
535 3375 579 3426 Cui
595 3387 629 3423 m.
649 3371 690 3423 Al.
711 3391 765 3424 non
780 3380 927 3441 agnoscunt

416 3463 451 3500 nc.
466 3481 502 3490 -
515 3453 594 3515 Patri,
614 3449 721 3523 proprio
736 3449 831 3522 puellae
844 3452 926 3520 patri,

414 3527 556 3601 Phidippo.
576 3525 619 3571 -’
629 3533 674 3582 cui
691 3543 717 3580 tu
735 3533 773 3580 nil
782 3532 851 3580 dicas
864 3533 927 3584 citii.

315 3649 318 3656 .
414 3608 506 3673 Quum
515 3609 587 3662 nullu
597 3609 630 3661 sit
641 3609 717 3680 c'ulpa
729 3606 787 3660 llliae
798 3623 856 3678 quae
865 3625 926 3678 pos·

415 3687 448 3740 sit
462 3687 622 3760 objici—ln
638 3707 689 3740 usu
702 3701 791 3740 autem
805 3686 926 3739 secundae

409 3767 492 3839 -hujus
508 3783 629 3837 persouae
643 3769 728 3826 dicas,
746 3767 812 3818 inest
823 3764 925 3838 aliquid

414 3845 592 3910 difficultatie;
615 3864 698 3917 quum
733 3865 809 3916 posse
834 3845 927 3897 referri

414 3924 533 3978 videatur
560 3923 595 3976 ad
624 3923 831 3988 Parmenonem
855 3927 925 3975 dicas

414 4015 603 4074 aulemetttpro
611 4004 924 4072 quudiccrcpossit,ethic

412 4083 589 4154 peculiariter,
599 4101 657 4154 pro,
665 4101 713 4150 ego
725 4087 806 4135 dicere
811 4089 912 4151 possim.

450 4163 507 4215 155.
520 4165 664 4228 Superbum,
680 4161 825 4218 fastuosum
840 4181 922 4228 ,con-

412 4241 589 4293 tumeliosum
618 4251 620 4259 '

1010 1945 1068 1999 156.
1080 1953 1176 1998 Mecum
1185 1965 1244 1996 csse.
1260 1945 1369 1997 Mecum
1378 1945 1486 2008 versari,

971 2026 1061 2078 uxoris
1072 2025 1139 2078 loco.

1009 2105 1066 2174 157.
1086 2109 1176 2173 Quid?
1194 2108 1241 2156 int.
1260 2106 1353 2156 ibatne.
1372 2101 1416 2155 sic
1435 2100 1486 2152 dis·

971 2183 1116 2253 tinguimus
1134 2202 1166 2235 ex
1182 2182 1287 2234 Bothio.
1303 2185 1435 2248 -Qnr'd?
1455 2180 1485 2230 In

969 2261 1054 2331 prima
1074 2261 1280 2330 interrogatione
1299 2261 1337 2312 sic
1351 2259 1485 2331 prnponi-

969 2355 1022 2404 tur,
1036 2361 1086 2394 uec
1105 2361 1119 2392 a
1138 2341 1263 2393 sententia
1280 2351 1409 2392 ceterum
1423 2357 1486 2409 pen·

969 2420 1026 2483 det,
1036 2435 1067 2473 ut
1081 2421 1150 2474 bene
1166 2420 1350 2472 animadvertit
1365 2417 1484 2469 Bothiua.

1007 2500 1064 2553 158.
1084 2508 1227 2568 Postquam.
1246 2499 1324 2551 Both.
1345 2497 1413 2550 add.
1429 2501 1483 2548 itta.

970 2578 1129 2629 -Ah'crmm
1146 2583 1178 2629 ab
1191 2597 1253 2629 sesc.
1269 2577 1300 2629 ld
1315 2587 1372 2639 est,
1388 2576 1422 2628 ab
1435 2574 1484 2627 alia

970 2673 1018 2727 per
1034 2656 1161 2726 legitimas
1176 2657 1282 2727 nuptias
1295 2655 1447 2726 possideri,
1461 2669 1484 2706 et

969 2735 1019 2788 sibi
1033 2736 1109 2805 quasi
1122 2746 1252 2808 ereptum.

1009 2815 1068 2885 159.
1078 2819 1162 2866 Multo.
1172 2816 1212 2866 Al.
1222 2819 1323 2866 multam
1330 2835 1339 2872 ,·
1346 2815 1385 2865 al.
1397 2818 1485 2881 tnagis,

970 2893 1002 2945 al.
1012 2913 1092 2962 laage.
1106 2923 1141 2934 -
1154 2895 1278 2961 Maligna,
1293 2891 1484 2946 difficultatem

970 2972 1011 3026 eui
1022 2973 1171 3026 ostendens.
1185 3003 1219 3012 -·
1232 2980 1342 3032 Procax,
1356 2971 1485 3043 dispolia-

971 3052 1021 3104 trix
1031 3064 1056 3104 et
1064 3063 1153 3124 petax,
1166 3052 1351 3103 Pmcarc'enim
1366 3061 1408 3104 eat
1416 3063 1484 3122 pete-

971 3151 1010 3184 re.
1021 3132 1094 3203 Virg.
1109 3135 1169 3184 AEn.
1186 3133 1207 3193 Ι,
1222 3132 1291 3186 538:
1307 3157 1320 3176 α
1338 3135 1484 3197 procacibus

971 3210 1096 3275 nostrin,
1117 3212 1134 3263 i.
1150 3231 1172 3263 e.
1188 3209 1400 3282 impudentibus.
1420 3211 1484 3263 Nam

971 3290 1018 3362 qui
1029 3292 1141 3342 multum
1156 3291 1239 3362 petit,
1256 3289 1401 3361 impudens
1414 3299 1485 3342 estet

971 3388 1079 3439 procax.
1097 3368 1176 3421 Unde
1194 3380 1220 3422 ct
1232 3371 1305 3438 procl
1325 3369 1394 3422 dicti
1413 3381 1484 3430 sunt,

971 3450 1018 3519 qui
1030 3449 1098 3500 lilios
1120 3448 1219 3502 alienas
1235 3449 1264 3500 iu
1283 3449 1484 3502 matrimonium

970 3529 1111 3598 petierunt.
1125 3533 1191 3579 Dou.

1009 3611 1065 3661 160.
1084 3611 1200 3674 AEdepol.
1210 3607 1252 3659 At.
1266 3609 1337 3673 apol.
1347 3634 1385 3646 --
1397 3613 1485 3674 Aeque,

971 3688 1038 3738 Don.
1053 3691 1132 3754 atqui.
1149 3717 1183 3726 -
1200 3690 1256 3737 Non
1275 3689 1374 3753 oedcpol
1388 3689 1484 3738 mirum.

970 3765 1014 3817 Ait
1021 3766 1130 3818 Philotis
1141 3783 1194 3817 uon
1205 3764 1303 3816 mirum
1312 3766 1414 3826 esse,si
1424 3765 1487 3837 quid

970 3844 996 3897 in
1009 3845 1177 3916 Pamphilum
1196 3844 1289 3897 durius
1306 3847 1485 3898 consuluisset

970 3925 1088 3979 Bacchis.
1099 3957 1131 3966 -
1145 3931 1184 3976 Ec
1197 3944 1245 3987 res,
1253 3925 1313 3977 talis
1323 3923 1484 3997 malignitas.

1008 4009 1064 4059 161.
1075 4011 1113 4058 Ab
1124 4009 1180 4070 illa,
1194 4003 1335 4058 Bacchide.

1008 4088 1066 4138 162.
1080 4091 1172 4151 Illam,
1193 4085 1363 4137 meretricem
1380 4085 1484 4138 malam.

969 4197 1002 4204 -
1018 4171 1099 4232 Hanc,
1113 4183 1222 4218 uxorem
1238 4162 1400 4217 modestam.

1006 4247 1065 4298 163.
1084 4251 1125 4298 Ad
1139 4247 1244 4312 erempl.
1263 4245 1341 4297 Bent.
1359 4247 1398 4299 ad
1408 4263 1485 4296 amns·
