3120 5178
386 490 432 561 32
624 485 797 552 PUBLII
825 483 1070 551 TERENTII
1099 484 1215 551 lunt

382 629 434 694 Tu
455 617 545 716 quod
569 631 602 686 te
625 615 789 710 posterius
811 615 951 709 purges,
971 615 1058 684 hauc
1085 615 1240 708 injuriam
1262 617 1343 684 mihi
1368 615 1462 686 nolle'

384 735 517 799 Factam
539 749 630 812 esse,
650 721 749 815 hujus
774 747 842 789 non
865 721 993 790 faciam.
1020 721 1128 792 Crede
1152 722 1235 808 hoc,
1258 748 1320 818 ego
1342 748 1454 792 meum

538 831 593 923 jus
615 851 811 924 persequar3

382 943 499 1035 Neque
515 953 552 1006 tu
561 935 671 1004 verbis
684 933 791 1004 solves
801 935 1064 1029 unquam,qu0d
1080 937 1125 1004 mi
1139 959 1174 1002 re
1188 932 1399 1004 malefeceris.
1419 965 1456 1004 ,σε

383 1047 555 1138 Noviego
577 1053 688 1111 vestra
707 1039 779 1110 haec
802 1067 809 1106 :
835 1040 994 1118 «Nollem
1023 1041 1166 1125 factum3
1179 1071 1196 1106 u
1221 1041 1455 1135 jusjurandum

544 1148 695 1233 dabitur,
714 1161 748 1214 te
769 1171 839 1216 esse

384 1259 564 1353 Iudignum
587 1252 746 1347 indignis3
769 1252 912 1348 indignis
936 1279 1040 1349 quum
1062 1268 1196 1348 egomet
1215 1255 1276 1322 sim
1298 1269 1457 1349 acceptus

543 1359 661 1430 modis.

384 1475 451 1542 AEs.
473 1469 537 1538 Abi
561 1483 630 1563 prae
652 1480 804 1554 strenue,
823 1490 862 1535 ac
888 1465 975 1537 fores
998 1469 1100 1563 opeti.
1121 1470 1178 1537 St.
1201 1470 1367 1540 Caeterum
1389 1468 1458 1537 hoc

543 1572 589 1645 nil
613 1574 723 1642 facies.

430 1759 496 1816 163.
506 1760 545 1811 Tu
555 1755 621 1828 quod
628 1767 651 1806 te
658 1753 786 1826 posterius.
794 1755 899 1808 Volunt
987 1759 1050 1810 166.
1072 1757 1160 1809 Vestro
1174 1759 1234 1810 hec.
1250 1758 1310 1812 Per.
1328 1759 1378 1812 Me.
1395 1762 1459 1829 jura

324 1869 328 1876 ·
387 1839 496 1913 quidem
520 1836 733 1908 interpolatum,
760 1847 809 1886 tum
834 1834 900 1906 quod
942 1835 1328 1907 tec.-Novtegovestmloec,
1344 1857 1380 1891 sc.
1396 1857 1459 1908 quse

388 1934 418 1972 te.
436 1919 514 1973 Both.
527 1915 647 1980 ordinat,
660 1914 723 1966 nolh
733 1917 769 1964 'mi
782 1915 843 1965 lianc
860 1917 899 1966 in·
941 1916 1052 1986 juvenes
1067 1917 1154 1970 facere
1167 1918 1251 1971 solent
1262 1918 1290 1970 in
1302 1917 1349 1970 tali
1363 1936 1459 1971 rerum

383 2002 530 2072 jusione-
544 1998 584 2048 Tu
595 1994 661 2068 quod
670 2005 693 2045 te
698 1997 834 2064 posterius,
846 2006 898 2047 etc.
941 1994 1061 2048 articulo.
1079 1997 1114 2048 Et
1133 1998 1323 2050 convenienter
1342 1997 1394 2050 hoc
1414 1996 1460 2050 di·

389 2077 474 2132 Nihili
490 2075 586 2129 ducam
609 2073 829 2137 excusationem,
850 2091 900 2143 per
942 2086 1130 2146 ctum3quum
1141 2094 1246 2149 semper
1257 2087 1376 2130 versetur
1387 2077 1460 2130 inter

389 2168 505 2231 queunte
518 2171 632 2226 purgare
643 2165 734 2224 postea
747 2152 900 2218 conaberis,
942 2155 1052 2224 juvenes
1063 2155 1135 2207 leno.

390 2235 506 2292 dicendo
521 2251 617 2304 nempe
632 2245 658 2285 te
674 2233 790 2285 noluisse
806 2232 900 2304 inique
987 2237 1050 2303 167.
1066 2235 1195 2304 Indignum
1214 2237 1328 2306 mdiguis.
1346 2237 1389 2289 Sic
1405 2255 1458 2288 nos

389 2337 451 2389 erge
462 2334 520 2373 me,
532 2314 669 2376 lenonem,
680 2329 772 2382 egem
785 2310 900 2366 dicendo
943 2326 1003 2384 post
1018 2314 1114 2368 Perlet.
1130 2333 1162 2368 ex
1178 2316 1384 2386 Both.Uterque
1397 2317 1460 2368 vul·

390 2411 416 2450 te
429 2397 466 2450 sic
481 2396 576 2466 egisse,
594 2389 755 2444 conditionis
776 2409 841 2445 mete
858 2391 900 2444 in·
943 2411 1031 2464 genem
1042 2394 1181 2448 lectionem
1193 2399 1282 2466 injuria
1293 2398 1347 2456 liae,
1357 2395 1461 2448 heben-

391 2478 483 2532 scium.
494 2475 553 2526 Hoc
567 2489 664 2542 nempe
677 2489 692 2523 e
703 2471 814 2523 solemni
828 2471 901 2524 sotis·
944 2471 1005 2525 dam
1015 2491 1069 2526 esse
1074 2473 1177 2544 judicet
1184 2476 1322 2546 proglosse
1334 2475 1407 2528 vocis
1419 2479 1461 2527 in·

391 2555 514 2612 fectionis
523 2569 597 2605 more
607 2549 679 2623 apud
690 2551 841 2603 Romanos:
854 2550 901 2603 ubi
944 2553 1027 2623 difflui,
1043 2572 1058 2605 a
1069 2553 1149 2606 simili
1165 2569 1290 2626 sequente
1302 2555 1358 2608 sinc
1371 2554 1460 2609 dubio

389 2632 564 2710 jurejurando
578 2630 737 2702 agnoscebat
749 2630 829 2702 quis,
856 2631 900 2683 in·
944 2633 1245 2705 obsorpt1e3ptaesertim
1261 2653 1345 2707 quum
1358 2637 1457 2688 Donet.

391 2716 473 2788 digno
500 2731 526 2766 se
550 2710 738 2764 contumeliam
765 2709 901 2776 intulisse,
946 2712 1047 2764 comice
1059 2713 1187 2784 scriptum
1200 2715 1459 2785 monmtindignm‚

392 2809 418 2850 et
434 2794 505 2848 nolle
522 2793 630 2845 tectum.
668 2783 671 2792 .
946 2791 1330 2864 indigeste-Temseiudignum
1341 2795 1459 2865 iudiguis.

436 2879 501 2938 164.
524 2872 605 2941 Hujus
628 2889 674 2922 non
695 2871 798 2937 sociam.
823 2867 902 2923 Bodl.
945 2871 1459 2946 Iadigrnmssaemondignnnlndignis.

394 2957 463 3025 linjiu
481 2972 527 3022 ego
541 2951 624 3017 nous.
650 2980 690 2990 —
706 2947 757 3001 Ed.
773 2952 859 3002 Anon.
878 2962 904 3002 et
946 2968 982 3004 sc.
994 2953 1300 3023 nebusludi'gnasutem
1313 2954 1457 3016 habentur,

392 3033 434 3087 ed.
451 3035 531 3086 Tarv.
552 3029 643 3092 crede,
666 3029 763 3082 omisso
790 3029 842 3080 tec.
864 3058 903 3068 -
946 3048 1006 3103 quse
1017 3031 1046 3084 in
1059 3031 1185 3099 liberum,
1197 3047 1242 3086 ent
1252 3033 1392 3086 honestum
1405 3035 1459 3087 ho-

393 3114 519 3183 —Hujus
529 3111 682 3176 confusioni.
690 3107 768 3160 Parvi
779 3107 902 3179 pendam.
947 3111 1047 3164 minem
1062 3111 1173 3167 minime
1190 3112 1294 3167 cedent.
1310 3113 1402 3166 Portet.
1416 3143 1456 3156 -

392 3193 451 3247 Hoc
468 3204 574 3253 entem,
590 3190 673 3260 liujus,
689 3187 802 3252 dicitur,
816 3201 903 3241 osten·
946 3192 1082 3260 Acceptus,
1096 3203 1227 3267 uectatus.

392 3270 482 3326 dendo
495 3271 626 3332 floccum,
643 3282 687 3320 eut
706 3268 847 3338 stipulum,
861 3268 903 3320 vel
990 3272 1055 3325 168.
1073 3271 1127 3324 Aba·
1140 3293 1194 3343 pre
1210 3285 1311 3326 strenue.
1331 3270 1374 3324 nd
1391 3272 1457 3326 Par·

393 3349 532 3407 inserendo
547 3347 638 3402 dentes
657 3349 801 3401 anterioies
819 3347 903 3418 ungui
947 3368 1089 3404 menonem
1100 3371 1187 3406 memo
1198 3365 1251 3418 est3
1264 3366 1291 3405 et
1302 3353 1459 3424 agnoscitne

391 3446 509 3486 extremo
522 3429 639 3500 pollicis,
656 3446 772 3496 eumque
786 3444 847 3479 cum
860 3445 903 3480 so·
947 3448 1041 3500 magne
1051 3433 1215 3504 contemptio
1231 3433 1364 3485 minarum
1379 3433 1456 3484 leno-

390 3514 449 3566 uitu
466 3506 645 3576 retrahendo,
663 3507 704 3560 vel
726 3507 850 3578 pollicem
874 3524 904 3558 nc
947 3510 1003 3575 nis,
1014 3529 1070 3564 nun
1077 3510 1243 3583 respondisse
1255 3513 1411 3564 AEschinum
1420 3511 1456 3565 ad

392 3589 510 3645 medium
522 3587 635 3659 digitum
645 3588 672 3640 in
684 3587 802 3641 talitrum
814 3588 904 3658 explo·
948 3607 977 3642 en
998 3609 1057 3662 quse
1076 3589 1188 3646 dixerut.
1209 3593 1244 3645 1).
1263 3623 1303 3634 --
1323 3591 1376 3644 Aba·
1391 3611 1456 3661 proe.

391 3671 490 3725 dendo.
506 3671 605 3722 Juusnc.
616 3667 746 3719 -Menm
753 3669 803 3737 jus.
815 3667 904 3719 Actio·
948 3672 1002 3722 Aut
1019 3671 1061 3722 abi
1070 3675 1149 3741 prior,
1164 3686 1211 3725 ont
1227 3675 1291 3742 proei
1299 3709 1307 3731 ,
1329 3685 1393 3734 eut,
1415 3672 1458 3724 ahi

391 3771 452 3804 nem
464 3769 523 3822 qum
535 3747 601 3801 mihi
611 3747 747 3818 competit.
944 3740 1102 3819 priestnuuo.
1116 3752 1263 3822 Triplieem
1276 3769 1376 3823 nempe
1390 3769 1457 3821 pro·

434 3833 498 3884 165.
518 3827 693 3894 'Malefeceriu
733 3826 789 3878 Ien.
818 3827 902 3894 molas.
949 3831 1026 3900 ponit
1044 3847 1150 3884 sensum
1164 3833 1291 3884 Donatus.
1308 3863 1346 3873 -
1361 3832 1456 3892 Fores,

389 3928 541 3982 perperam.
554 3907 621 3959 Peri.
632 3936 672 3948 —-
684 3899 767 3977 Neque
780 3923 900 3978 cuiquam,
946 3909 1069 3964 Micionis
1079 3912 1168 3981 patris.
1181 3943 1220 3954 -
1234 3912 1361 3964 Coeterum.
1372 3912 1456 3974 Quasi

389 4011 438 4062 pro
454 4009 510 4041 non.
525 4017 565 4028 -
583 3987 683 4052 tertis,
696 3985 767 4038 inani
791 4003 901 4042 exeusa-
945 3987 1064 4056 diceret,
1085 3991 1203 4062 quidquid
1223 3994 1323 4044 coneris.
1342 4021 1382 4032 --
1399 3991 1457 4042 Hoc

387 4072 467 4124 tione.
485 4100 516 4112 ·-
537 4069 586 4131 lle,
601 4067 683 4131 [ποῖος
701 4065 846 4138 opponitur
864 4073 899 4137 τῷ
945 4070 982 4120 m'l
993 4071 1068 4135 sacis.
1082 4069 1190 4125 Frustra
1202 4069 1229 4123 id
1247 4071 1359 4125 consuis.
1374 4069 1456 4123 Obsi-

386 4151 475 4203 uerbt's.
945 4149 989 4200 stit
1002 4150 1073 4202 euim
1090 4149 1165 4216 leno,
1185 4165 1213 4204 ut
1228 4169 1305 4215 mox,
1319 4169 1356 4202 vs.
1376 4169 1414 4221 sq.
1429 4165 1457 4202 at
