3064 5180
305 533 532 605 uncini.
558 539 671 608 uer.
702 542 757 628 11,
784 543 851 612 sc.
882 545 931 612 11.
984 496 987 502 ⁸
1092 549 1163 645 159

112 665 225 732 Ducere
237 689 393 750 uxorem5
412 681 446 738 et
458 670 640 762 queevobis
654 670 777 767 placita
790 689 841 744 est
856 675 1020 766 conditio,
1044 679 1163 752 datur:

110 770 164 837 Ubi
173 769 291 841 duxere
300 773 448 867 impulsu
455 791 583 864 vestro,
596 794 709 849 vestro
718 781 864 876 impulsu
873 784 1004 856 eusdem
1017 788 1162 883 exigunt.

338 1004 553 1095 SCENA
586 1009 913 1102 SECUNDA.

261 1253 516 1325 PHIDIPPUS.
543 1259 733 1328 LACHES.
762 1263 1002 1335 SOSTRATA.

106 1477 157 1542 Pu.
165 1473 233 1542 Etsi
250 1475 319 1543 scio
329 1499 409 1570 ego,
420 1473 752 1566 Philumena,meum
762 1481 815 1573 jus
830 1505 900 1550 esse
914 1533 923 1567 ‚
935 1499 971 1552 ut
982 1499 1014 1553 te
1026 1511 1161 1583 cogam,

104 1581 174 1670 Quae
187 1605 249 1676 ego
266 1583 428 1676 imperem
442 1581 567 1672 facere3
588 1609 650 1679 ego
669 1598 780 1656 tamen
794 1591 910 1682 patrio'
925 1593 1036 1662 animo
1056 1596 1161 1666 victus

246 1686 387 1775 faciam,
909 1723 914 1733 ·

103 1795 141 1860 Ut
154 1792 210 1860 tibi
225 1793 430 1883 concedam
452 1820 559 1890 neque
577 1812 641 1868 tuae
659 1795 786 1869 libidini
804 1800 1018 1874 advorsabor.
1120 1841 1158 1879 us

100 1901 155 1968 Li.
174 1901 281 1995 Atque
301 1925 418 1970 eccum
438 1901 639 1999 Phidippum
654 1921 790 2000 optume
806 1907 902 1978 video
921 1937 929 1978 ε
951 1937 991 1980 ex
1011 1913 1077 1984 hoc
1089 1915 1158 2009 jain

246 2007 358 2094 scibo,
380 2008 459 2104 quid
476 2011 526 2078 sit.
569 2035 572 2041 ·
1179 2021 1184 2033 '

4 2193 6 2204 7
100 2111 267 2210 Phidippo,
299 2118 358 2186 etsi
384 2142 446 2211 ego
466 2116 548 2188 meis
566 2143 619 2188 me
642 2120 796 2190 omnibus
823 2123 891 2192 scio
914 2148 984 2194 esse
1010 2128 1159 2222 apprime

244 2221 505 2316 obsequentem,

126 2435 181 2490 ²41.
201 2433 296 2480 Piae-itu
316 2445 351 2480 est
369 2433 495 2492 conditio,
515 2431 600 2486 rnairi-
644 2451 689 2484 mo
702 2433 790 2508 patris.
812 2466 847 2475 -
860 2441 942 2488 Meum
955 2442 1002 2506 jus
1021 2461 1091 2506 esse,
1107 2455 1156 2497 etc.

98 2509 219 2571 nonium,
234 2528 312 2564 uxor.
643 2512 701 2565 Hoc
710 2513 781 2568 idem
795 2514 824 2566 in
834 2515 1043 2588 Adelph.51‚52
1055 2541 1062 2572 :
1076 2521 1158 2575 «Non

124 2595 177 2652 ²4²·
191 2593 309 2653 fluxere,
325 2589 431 2662 supple,
443 2589 501 2644 iiiii.
516 2591 597 2645 Enni·
642 2611 748 2646 neoesse
757 2593 844 2646 habeo
858 2595 950 2648 omniu
964 2615 1015 2670 pro
1029 2602 1156 2674 meojnre

96 2666 142 2738 iege
161 2681 203 2720 est
223 2675 416 2741 personarum,
440 2673 476 2724 ob
501 2672 597 2725 iratum
641 2691 743 2744 agere·
763 2705 798 2714 -
814 2681 846 2726 Ut
862 2689 885 2726 te
904 2694 994 2744 cogam
1001 2679 1102 2741 ,ecilin
1116 2699 1156 2736 re·

95 2749 149 2801 senis
157 2749 278 2802 animum
287 2749 406 2803 ferenda.
415 2752 500 2822 Supra
508 2765 596 2805 autem
641 2751 700 2806 dire
712 2753 746 2806 ad
756 2771 870 2808 socrum.

95 2825 150 2881 dixit
159 2844 273 2898 gnatum.
287 2860 322 2869 —
337 2825 457 2898 Impulsu,
468 2830 596 2884 hortatio·
678 2838 736 2897 244.
746 2839 813 2886 Patr.
821 2853 865 2884 an.
878 2836 969 2884 victus.
982 2833 1053 2888 Bene
1063 2841 1154 2904 vienus,

94 2925 128 2960 ue.
138 2939 171 2948 -
182 2911 306 2972 Easdem¹
316 2925 384 2977 quas
394 2908 532 2980 elegeritis.
543 2910 594 2963 Hic
639 2911 703 2982 quia
717 2930 771 2978 non
784 2911 889 2962 ratione
902 2909 982 2964 facio.

94 2989 176 3056 pariter
198 3003 239 3044 est
259 2987 387 3060 enallage.
410 3021 445 3030 --
468 2993 593 3060 Exiguus.
676 2991 735 3053 245.
748 2993 864 3056 Faciam,
886 2995 916 3039 Ue
935 2996 1087 3061 concedam,
1102 3015 1153 3068 pro

93 3067 218 3140 Expellunt
228 3067 319 3121 domo.
392 3137 394 3142 Ι
638 3067 763 3138 simplici,
776 3073 1092 3138 concedam,-Libidini,
1105 3095 1154 3128 vo.

120 3147 159 3200 Sc.
170 3168 200 3201 n.
216 3149 251 3200 In
262 3145 519 3200 hacscenamornlis
530 3145 592 3198 allo·
637 3145 743 3198 luntati.
757 3176 792 3185 —
808 3150 891 3198 Libido
907 3161 945 3200 est
960 3152 1087 3222 quelibet
1104 3174 1153 3207 vo·

93 3228 151 3280 sntio
166 3227 297 3300 Phidippi
318 3237 356 3280 est
374 3223 408 3278 ud
428 3223 526 3286 filiam,
546 3227 595 3278 mi·
637 3225 723 3277 luntas
750 3239 850 3280 temere
877 3241 1004 3300 suscepta.
1028 3231 1061 3282 Et
1081 3233 1160 3288 bene·

92 3399 112 3438 et
121 3398 198 3458 pater,
210 3387 261 3440 etsi
273 3405 343 3458 egre
356 3385 424 3446 fert,
438 3382 518 3436 filium
530 3403 593 3456 pro·
637 3383 724 3436 mariti
732 3384 822 3437 abesse
832 3398 951 3456 nuptum.
960 3387 1017 3440 Etsi
1028 3391 1094 3444 enim
1103 3413 1152 3466 pro

91 3468 253 3522 culamarito
266 3464 344 3520 domi
356 3483 410 3518 sue
417 3465 592 3528 commorari,
638 3467 767 3516 voluntate
784 3464 874 3534 posuit
893 3469 1035 3532 libidinem,
1063 3483 1151 3530 tumen

4 3571 5 3586 ³
92 3546 306 3620 insuspicionem
323 3555 411 3596 tamen
434 3554 460 3594 et
487 3562 593 3598 nocusu·
635 3543 820 3606 subaccusavit
829 3543 882 3596 hoo
892 3544 1011 3600 nomine.
1026 3553 1092 3604 Dori.

4 3663 5 3684 ἶ
90 3625 174 3678 tionem
186 3621 388 3696 incidit,quod
405 3620 592 3676 natamabdu-
673 3627 733 3690 246.
747 3627 787 3675 Ex
798 3628 853 3678 hoc.
864 3625 922 3677 Lib.
931 3626 1022 3681 Bemb.
1036 3633 1150 3687 hinc.-

92 3705 206 3758 reritviro
217 3706 340 3768 absente,
352 3720 384 3755 ao
396 3721 487 3755 secum
497 3719 591 3774 egram
638 3705 704 3770 Quid
719 3705 759 3754 sit.
777 3703 819 3756 Al.
839 3707 902 3774 quid
918 3707 972 3757 siet.
991 3737 1028 3748 -
1046 3715 1150 3778 Optime,

91 3784 264 3856 esiepeliatur.
274 3781 366 3834 Patres
380 3778 535 3852 disceptent.
546 3780 593 3832 Se·
635 3793 793 3855 opportune.
814 3814 849 3824 -
867 3788 956 3848 scibo,
975 3787 1084 3862 entique
1101 3812 1152 3864 pro

90 3863 166 3932 quitur
176 3859 304 3934 Phidippi
313 3861 448 3914 excusatio
458 3879 489 3913 ac
502 3858 593 3912 defen·
636 3865 721 3913 sciam.
735 3893 771 3902 -
790 3865 857 3931 Quid
873 3867 918 3926 sit,
934 3866 1028 3938 supple
1040 3869 1105 3940 quid
1119 3871 1152 3924 sit

91 3941 127 3995 sio.
140 3950 232 3997 Donat.
248 3955 276 3996 et
292 3945 379 3992 Perlec.
636 3939 694 4006 rei,
710 3960 757 3994 cur
777 3943 834 4014 ejus
849 3941 903 4002 filia
924 3962 939 3996 a
959 3945 1035 4000 nobis
1052 3947 1153 4004 disces.

119 4026 172 4088 ²43·
183 4027 282 4076 Euisc.
296 4041 356 4092 ego,
369 4023 429 4072 Phil.
442 4019 592 4095 Phidippus
637 4019 708 4073 serit.

90 4101 157 4156 «ioum
170 4124 218 4158 sua
233 4101 378 4178 egrediens
391 4101 592 4173 responsionem
675 4106 732 4171 ²47·
745 4105 805 4154 Etsi.
818 4101 896 4156 Bent.
911 4102 1019 4176 corrigit
1030 4121 1064 4172 et,
1074 4107 1150 4162 omis·

92 4180 126 4232 dui
138 4181 194 4236 filia
206 4185 280 4234 inrue
290 4181 408 4234 manenti
418 4181 523 4234 mitiore
536 4181 592 4233 ani·
638 4199 666 4234 so
681 4185 709 4233 si.
725 4214 759 4222 --
777 4185 898 4250 Apprime.
913 4182 1016 4236 Pierius
1030 4187 1085 4240 vuit
1096 4189 1147 4261 legi
