3016 5182
283 551 671 651 PHORM10.AGT.
700 561 768 645 rr,
796 561 864 628 sc.
889 563 931 636 v.
1066 558 1140 654 309

333 819 554 910 sceui
587 825 873 938 Quium.

297 1066 520 1136 DEMIPHO.
542 1069 671 1137 GETA.
695 1071 918 1140 CHREMES.

100 1281 154 1346 Dr.
172 1278 302 1365 Quietus
323 1291 415 1362 esto,
433 1278 592 1371 iuquam:
613 1303 675 1373 ego
696 1282 839 1369 curabo,
857 1307 899 1350 ue
919 1283 998 1378 quid
1016 1285 1134 1358 verbu·

232 1407 302 1451 rum
322 1381 402 1451 duit.

6 1569 8 1582 γ
97 1491 157 1558 Hoc
182 1499 297 1557 temere
326 1501 497 1589 nunquam
522 1491 671 1559 amittam
700 1516 762 1592 ego
793 1517 811 1561 a
839 1518 912 1581 me,
937 1497 1017 1588 quin
1052 1499 1132 1568 mihi

6 1589 8 1658 i
231 1609 328 1664 testes
346 1587 533 1689 adhibeam.
739 1588 745 1600 ’

93 1703 147 1772 Cui
168 1701 257 1788 dem,
278 1716 311 1771 et
337 1701 555 1794 quamobrem
587 1701 662 1770 dem
672 1755 687 1798 ,ι
711 1705 989 1796 commemorabo.
1018 1711 1060 1778 G.
1082 1711 1131 1778 Ut

227 1824 342 1876 cautus
363 1820 428 1894 est,
445 1807 502 1902 uhi
520 1806 602 1875 nihil
620 1831 687 1902 opu
702 1803 763 1878 ’sti
1129 1825 1132 1830 '

92 1915 146 1982 Cu.
163 1917 261 2008 Atque
277 1915 322 1982 itu
340 1937 425 2007 opus
443 1911 531 1983 factu
547 1927 613 2002 est,
634 1928 667 1984 et
684 1929 830 2003 mature,
854 1915 933 1985 dum
956 1915 1057 2005 libido
1075 1943 1130 1988 ea·

222 2016 297 2090 dem
313 2019 385 2090 haec
403 2033 522 2090 manet.
1095 2039 1135 2094 ⁷¹⁵

113 2241 150 2295 So
160 2258 183 2292 r.
197 2241 227 2292 lu
238 2238 291 2293 hac
299 2256 392 2307 scene,
401 2239 575 2312 Demiphonis
619 2271 653 2281 -
665 2244 709 2292 ubi
716 2244 780 2294 nihil
787 2262 833 2311 opu
843 2244 882 2296 ἐι.
894 2244 937 2298 Sc.
948 2263 1009 2313 eum
1020 2258 1127 2312 ctutum

86 2319 236 2373 eontinentur
245 2321 325 2374 verba
334 2319 513 2392 promittentis
523 2321 574 2373 irs·
619 2338 681 2374 esse.
694 2323 788 2376 Cautio
807 2323 906 2376 scilicet
920 2324 1044 2378 ridicute.
1061 2326 1129 2378 Num

85 2398 125 2461 tri,
142 2399 224 2452 omnis
243 2418 271 2452 se
290 2416 347 2453 esse
364 2400 514 2460 iacturum,
534 2399 574 2472 uti
617 2400 738 2464 consulit,
748 2401 852 2455 Donato
860 2404 1022 2472 observante,
1037 2423 1130 2476 quem·

85 2475 192 2532 Phormio
201 2490 309 2552 cogatur
317 2490 345 2532 et
355 2489 493 2549 argentum
505 2477 572 2531 acci·
616 2477 761 2533 admodum
774 2480 868 2545 detur,
883 2482 930 2534 ubi
944 2483 1052 2536 omuino
1064 2481 1128 2537 thre

84 2570 304 2627 pere‚etuxorem
317 2556 426 2610 ducere.
438 2561 536 2626 Euga-
566 2574 569 2586 ¹
616 2575 671 2610 nou
684 2559 823 2614 debuerit:
837 2559 968 2632 siquidem
987 2573 1127 2633 argentum

111 2653 163 2706 7¹²·
174 2641 238 2690 unu.
249 2636 331 2707 Vulg.
341 2639 462 2688 duint-
473 2638 571 2702 Quietus
617 2635 745 2691 Phaedrisr
756 2641 867 2711 jamjam
876 2639 916 2692 'sit
930 2638 1065 2706 dandum,
1078 2641 1127 2694 sub

84 2727 131 2766 uto.
145 2715 204 2767 Hac
214 2713 347 2784 Demipho
358 2711 393 2766 sd
405 2712 571 2766 Chremetem
615 2715 723 2768 nomine
736 2716 911 2770 Phormiouis.

82 2809 212 2846 convenas.
225 2823 262 2834 —
274 2798 390 2860 mquam.
413 2789 479 2843 Inde
498 2802 571 2863 putet
651 2793 711 2864 7¹⁵·
729 2800 759 2844 tte
771 2809 873 2846 martire.
884 2793 965 2864 vulg.
978 2809 1007 2845 at
1018 2811 1123 2850 mouera.

81 2887 209 2926 samonem
227 2872 309 2925 fuisse
330 2871 492 2942 inemptum,
510 2882 571 2924 ante
606 2878 702 2923 '-lta
720 2891 779 2940 opus
785 2873 860 2942 sacto
881 2886 926 2924 est.
945 2873 967 2924 1.
986 2890 1010 2927 e.
1033 2871 1124 2930 denda

81 2967 146 3022 quum
157 2951 289 3024 prodirent
302 2951 331 3004 iu
345 2955 567 3020 scema-Ego.
613 2951 726 3004 omuino
743 2950 800 3002 hec
813 2950 925 3020 pecunia
943 2962 989 3003 est.
1007 2981 1042 2992 ·-
1058 2958 1121 3005 Dum

80 3029 229 3097 Prouomen,
248 3029 323 3104 quod
346 3030 454 3082 inservit
474 3029 568 3083 fortius
612 3033 702 3090 libido,
720 3041 770 3082 etc.
789 3031 861 3081 Dum
877 3040 975 3101 perstat
996 3028 1123 3084 Phormio

79 3111 241 3166 sueveruudo.
253 3107 290 3152 ὲ-
309 3115 348 3162 Ne
364 3111 426 3178 quid
437 3112 568 3161 verborum
612 3107 639 3161 iu
653 3109 791 3161 voluntate
804 3105 963 3179 accipiendus
977 3107 1082 3174 thenit,
1097 3123 1123 3163 et

79 3193 127 3242 duit.
141 3196 215 3244 Verba
232 3195 310 3251 dare,
324 3189 438 3242 sumitur
454 3187 566 3260 sepius,
611 3187 679 3240 hene
687 3188 808 3239 libidinem
817 3186 920 3256 posuit,
940 3185 978 3238 sit
991 3187 1060 3240 Dou.
1071 3207 1122 3259 pro

78 3287 117 3339 pro
126 3270 349 3340 deciperejaliere.
359 3267 462 3321 Scilicet
471 3277 568 3319 metue-
610 3266 745 3318 voluntate
756 3264 873 3318 hominis
886 3265 978 3318 incerti
998 3282 1036 3317 ac·
1047 3265 1120 3321 levis.

77 3347 114 3401 hut
124 3350 258 3413 Chremes,
272 3367 307 3400 ue
319 3346 446 3400 Phormio
460 3345 505 3397 ubi
520 3362 566 3398 sc·
611 3375 644 3385 -
656 3342 728 3410 Quid
740 3354 830 3398 sutem
841 3345 924 3416 mugio
935 3345 1067 3397 comicum
1079 3344 1121 3397 iu·

77 3429 169 3498 ttpistet
191 3427 298 3501 triginta
320 3425 425 3487 minas,
447 3423 567 3477 eluderet
610 3425 696 3479 veniri
711 3436 814 3496 potest,
828 3440 907 3494 quum
921 3424 964 3476 illu
977 3423 1119 3476 senisdili-

77 3524 148 3572 senes,
157 3527 202 3561 uec
214 3505 348 3567 Phanium
355 3505 473 3558 duceret.
488 3507 564 3557 Wese.
608 3504 696 3574 gentis
704 3505 730 3556 iu
738 3501 867 3574 ceptuude
873 3501 1122 3555 voiuntatenebuto·

103 3586 155 3652 713.
186 3591 245 3640 Hoc.
279 3589 410 3642 Δεικτικῶς.
442 3577 566 3634 Ostendit
608 3581 705 3645 uis,ut
714 3581 757 3634 hic
766 3580 877 3653 accipiat
886 3581 1035 3651 pecuniam,
1044 3581 1118 3651 quasi

75 3663 132 3717 enim
147 3664 307 3738 marsupium
320 3680 382 3716 eum
398 3672 516 3732 argento.
530 3690 565 3701 -
608 3679 663 3713 nou
677 3661 735 3734 ipse
747 3671 854 3732 cuperet
867 3660 949 3731 magis
961 3658 1120 3732 subripere?

6 3765 8 3786 ι
75 3746 186 3807 Amicam,
199 3744 341 3797 dimittam.
359 3771 394 3783 -
407 3743 515 3809 Quium
529 3753 563 3790 te·
607 3739 735 3794 Praeterea
752 3757 800 3811 pur
819 3737 888 3791 iliud
910 3756 1002 3791 senum
1018 3755 1071 3810 pro
1089 3757 1118 3791 se

74 3837 111 3873 ιτα
121 3827 195 3876 aaut.
216 3835 267 3876 etc.
288 3819 416 3874 Formuls
434 3818 564 3872 cautionis
607 3818 659 3872 iert
670 3817 855 3891 prudentium,
874 3835 956 3891 quam
973 3815 1118 3871 retorridus

6 3943 7 3954 ,
73 3897 255 3962 innumeranda
269 3898 382 3973 pecunie
398 3896 501 3961 debita,
514 3895 563 3951 sd·
607 3896 666 3960 ille,
680 3897 809 3967 parasitus
818 3897 945 3968 iuquam,
959 3895 1115 3948 facetissime

73 3973 147 4031 libitis
164 3979 296 4042 testibus,
321 3993 443 4048 expressa
471 3993 559 4029 cause.
606 3975 718 4030 deludit.
726 3975 813 4028 Timet
823 3977 939 4044 citemus
948 3975 1059 4048 pecunia
1068 3975 1115 4026 im-

73 4057 155 4109 tuter.
603 4053 929 4126 prudentertmdutur3et
942 4052 1114 4108 traditurim-

100 4143 150 4202 7¹⁴·
169 4140 215 4194 Curi.
235 4137 304 4189 Ver.
323 4137 381 4197 cui,
401 4154 487 4202 quum,
506 4153 557 4185 cur.
603 4131 1114 4206 prudentissime.Timetulter,uePhor·

70 4241 98 4254 ··-
111 4221 137 4266 tlt
151 4231 231 4267 cautus
245 4230 289 4268 est.
303 4216 390 4280 Quum
403 4225 496 4269 cautus
510 4226 557 4267 est.
603 4213 658 4268 mio
668 4231 722 4267 nou
731 4213 999 4285 accipiaturgeutum;
1010 4223 1035 4262 et
1044 4209 1116 4285 nihii

882 4305 943 4380 20³
