3026 5184
381 512 449 596 adn
599 511 778 581 PUBLII
803 512 1050 582 TERENTII
1076 513 1194 582 AFRI

378 643 483 714 Modo
504 659 542 713 ut
554 659 664 714 tacere
684 646 798 740 possis.
814 644 881 714 Dr.
896 645 979 731 hhi,
994 647 1056 729 sis,
1070 647 1232 718 insciens:

379 753 483 845 Cujus
498 765 535 819 tu
549 750 650 820 fidem
668 753 702 820 in
720 755 861 845 pecunia
877 752 1103 846 perspexeris,
1417 771 1440 808 ⁶⁰

379 861 505 926 Verere
521 858 624 926 verba
639 860 669 926 ei
684 855 840 927 credere?
860 858 917 929 ubi
932 853 1012 950 quid
1031 854 1114 926 mihi
1132 855 1216 927 lucri
1234 872 1285 926 est

379 967 427 1033 Te
440 962 628 1034 fallerelG.
645 966 736 1058 Ergo
754 962 910 1036 ausculta.
934 966 1003 1033 De.
1019 967 1114 1032 Hauc
1128 987 1265 1056 operam
1284 963 1344 1032 tibi
1357 963 1436 1034 dico.

377 1072 421 1139 G.
437 1072 530 1140 Senis
548 1072 668 1155 nostri,
690 1073 802 1156 Dave,
815 1069 950 1142 fratrem
967 1069 1126 1162 majorem
1148 1069 1326 1138 Chremem

376 1179 506 1247 Nostin’
517 1175 531 1245 l
544 1179 611 1247 Ds.
629 1175 773 1266 Quidni?
787 1180 829 1246 G.
842 1173 954 1264 Quid?
969 1175 1039 1268 ejus
1053 1187 1190 1269 gnatum
1205 1175 1408 1244 Phaedriam?

375 1285 442 1352 Dr.
460 1285 561 1370 Tam,
575 1307 675 1378 mam
689 1297 732 1351 te.
748 1286 791 1353 G.
806 1277 927 1352 Evenit
941 1279 1073 1351 senibus
1088 1279 1251 1350 ambobus
1267 1281 1381 1366 simul,
1414 1295 1438 1334 ⁶⁵

375 1391 443 1457 lter
459 1387 505 1457 illi
519 1391 553 1458 in
569 1393 733 1458 Lemnum
752 1403 790 1458 ut
810 1402 910 1476 esset,
933 1403 1047 1457 nostro
1062 1389 1095 1455 in
1115 1385 1282 1476 Ciliciam,

373 1495 425 1563 Ad
440 1496 605 1591 hospitem
625 1497 817 1590 antiquum3
839 1497 866 1564 is
883 1518 995 1564 senem
1009 1518 1069 1587 per
1087 1491 1242 1588 epistolas
1310 1589 1313 1594 Ι

372 1591 525 1692 pelleris,
549 1602 649 1671 modo
671 1627 739 1670 non
760 1615 889 1670 montes
905 1603 976 1670 auri
992 1597 1161 1694 pollicens.

371 1709 439 1777 Ds.
456 1709 519 1778 Cui
540 1722 630 1778 tanta
648 1723 722 1776 erat
737 1733 810 1794 res,
832 1723 867 1776 et
886 1704 1076 1802 supererat?
1097 1709 1139 1777 G.
1153 1707 1310 1776 Desinas:

372 1852 440 1916 Quid
451 1852 513 1900 istac
524 1858 577 1900 est?
588 1848 669 1914 Quod
685 1867 732 1902 vos
748 1847 880 1920 periclita-
924 1847 1040 1900 Inseruit
1052 1846 1097 1900 hic
1108 1858 1210 1900 tanturn
1224 1845 1437 1918 interrogationi.

369 1925 458 1980 minii·
923 1955 959 1965 —
969 1928 1028 1994 Ejus
1041 1941 1162 1994 gnatum,
1176 1936 1227 1978 etc.
1247 1921 1365 1978 Adnotat
1386 1925 1439 1976 Do

406 1997 448 2071 59.
459 2005 534 2056 Modo
548 2020 581 2056 uc.
595 2003 678 2070 Quasi
693 2017 879 2077 reponeretur,
923 2017 1016 2059 natus:
1027 2023 1104 2058 «non
1114 2002 1190 2070 dixit,
1198 2001 1279 2072 quid)
1285 2006 1440 2058 Ploedrr'etn?

368 2088 515 2146 drunmod05
532 2097 560 2137 ct
581 2085 617 2136 ita
634 2086 753 2138 solebant
768 2103 877 2146 cavere,
922 2081 970 2138 sed
980 2082 1093 2151 addidit,
1109 2087 1162 2151 ejus
1172 2098 1297 2151 gnatum
1310 2095 1340 2136 ut
1354 2085 1439 2155 magis

367 2177 499 2216 secretum
514 2163 690 2217 commissuri.
708 2195 743 2206 -
763 2167 825 2230 Abi,
841 2168 880 2215 in·
921 2166 1026 2230 docem,
1042 2179 1124 2236 qnam
1147 2162 1310 2234 interrogare
1334 2163 1440 2216 videre·

366 2247 450 2302 sciens,
465 2239 559 2295 recede
570 2243 677 2313 procul,
686 2243 775 2297 stulte.
787 2273 821 2283 -
830 2247 877 2307 sis,
921 2250 975 2296 tur.
992 2269 1003 2290 ι

367 2320 388 2372 si
398 2321 437 2374 vis
447 2339 455 2386 ς
465 2331 490 2374 et
500 2332 538 2374 est
546 2319 603 2374 hec
613 2321 727 2374 formula
737 2322 830 2375 leviter
838 2341 878 2376 re·
957 2323 1001 2374 65.
1012 2323 1082 2383 rom,
1091 2339 1173 2390 quern.
1185 2322 1224 2374 lta
1237 2319 1351 2376 divisura
1361 2341 1381 2375 a
1394 2323 1439 2376 Be.

366 2399 564 2472 prehendentis.
917 2399 1098 2472 Placet.Vulg.
1107 2417 1243 2468 tamquam,
1253 2403 1437 2473 conjunctive.

402 2481 436 2531 (io
449 2497 503 2551 seq.
518 2481 682 2548 Perspecsris.
700 2478 761 2530 Par.
782 2492 807 2549 p.
820 2497 876 2531 var.
920 2509 956 2520 -
967 2483 1039 2537 Tem.
1054 2496 1128 2549 qaam
1141 2496 1179 2542 re,
1192 2497 1271 2551 supp.
1285 2484 1349 2533 nori.

363 2577 479 2627 prosper.
490 2559 566 2612 rnale.
574 2588 609 2600 -—
620 2561 692 2627 Oujus
700 2558 814 2628 testeiam,
824 2569 875 2610 etc.
955 2561 998 2612 66.
1010 2562 1059 2619 llte',
1068 2557 1212 2612 Chremeti.
1222 2587 1259 2600 -·
1268 2565 1298 2610 In
1305 2565 1437 2614 mum.

363 2639 512 2692 Construe:
526 2639 626 2692 Verere
639 2639 877 2707 (antversris)cre-
919 2635 1007 2690 Locus
1016 2636 1123 2710 quidem
1136 2655 1217 2709 quem
1233 2637 1437 2708 petieritChrs-

364 2715 428 2772 dere
439 2717 519 2770 verbs
532 2717 569 2781 ei,
581 2720 656 2790 cnjus
669 2727 697 2768 tn
708 2717 875 2788 perspexeris
919 2731 974 2768 mes
988 2716 1098 2782 dicitnr}
1114 2735 1168 2768 non
1181 2727 1271 2770 antem
1284 2733 1364 2772 causa
1387 2737 1439 2775 our

362 2803 508 2870 (expertus
527 2797 629 2860 fueris)
650 2793 731 2847 fldem
750 2794 777 2845 in
795 2811 875 2866 pecu·
918 2795 992 2861 ierit;
1007 2793 1072 2848 dum
1091 2795 1200 2860 dieitur,
1220 2813 1269 2850 cnr
1289 2799 1438 2871 Demipho.

362 2878 404 2930 nia
418 2873 661 2947 (commodanda).
679 2906 712 2916 -
727 2875 787 2937 Ubi,
802 2875 831 2926 in
843 2891 873 2927 ea
917 2875 1083 2948 Utrumque,
1105 2877 1142 2929 ait
1162 2877 1258 2930 Donet.
1279 2895 1330 2950 pro
1351 2897 1438 2952 ergo-

362 2977 406 3019 re,
420 2958 446 3008 in
463 2957 508 3009 toli
521 2973 610 3008 rernm
623 2953 744 3008 articulo.
757 2984 793 2993 -
810 2955 876 3019 Quid
918 2967 1009 3007 memo
1028 2967 1076 3008 est.

363 3038 424 3086 resilii
441 3039 503 3086 lucri
514 3047 558 3086 est.
574 3034 657 3100 Quasi
675 3032 790 3098 diceret,
808 3031 873 3086 nihil
952 3037 995 3105 67.
1010 3037 1144 3102 Epistola.
1162 3035 1194 3086 In
1211 3035 1275 3088 trib.
1294 3036 1376 3092 codd.
1386 3039 1436 3093 Be.

363 3113 430 3167 mihi
441 3115 509 3167 lucri
525 3125 572 3166 est.
917 3117 1214 3182 'epistolam-llospitem
1226 3115 1363 3182 annornm.
1373 3119 1438 3172 lam

399 3199 441 3246 lis.
452 3196 523 3245 Dico.
532 3193 575 3245 Al.
586 3195 659 3244 dabo.
670 3222 707 3233 -
724 3193 758 3243 l's
765 3192 871 3260 fallere.
915 3193 1018 3264 pridem
1035 3194 1151 3246 amicitis
1164 3193 1327 3250 devinctum.
1340 3197 1380 3251 Ut
1397 3209 1439 3254 est

362 3273 519 3326 Promissam
530 3271 628 3326 silentii
637 3267 717 3324 fidem
728 3269 873 3323 violare-
915 3271 943 3324 in
957 3271 1153 3342 Virgilio,AEu.
1163 3273 1222 3337 111,
1235 3275 1268 3327 lle
1283 3293 1291 3326 :
1304 3283 1439 3331 ureteoem

327 3368 329 3372 ’
363 3359 437 3404 Hanc
452 3371 566 3420 operam,
582 3349 872 3404 scihauacultandi—
916 3352 1167 3424 Anchisenagnovit
1179 3356 1319 3408 emimus.»
1336 3356 1380 3409 Ne
1392 3377 1440 3412 ve·

362 3435 440 3494 Dico,
453 3429 595 3494 admoveo,
611 3445 753 3491 consecro,
769 3429 872 3484 ἀπὸτοῦ
916 3429 947 3484 lia
962 3442 1051 3485 autern
1066 3447 1127 3484 cum
1146 3432 1251 3487 Pet-leto
1267 3434 1439 3509 intelligere,

360 3514 456 3576 dicare,
467 3513 531 3562 dico.
542 3511 583 3563 Ex
596 3507 691 3561 Plauto
701 3525 852 3579 expressum
863 3547 871 3571 ‚
915 3513 1061 3577 candidum,
1071 3515 1212 3580 simplicem.

360 3590 459 3642 Bacch.
474 3588 527 3652 IV,
540 3606 567 3657 9,
583 3605 615 3658 7²
633 3605 640 3639 :
665 3613 679 3633 α
700 3587 806 3653 llecite,
823 3603 871 3640 au·
950 3591 995 3644 68.
1008 3593 1121 3644 Pellaeis.
1135 3592 1257 3657 Scilicet,
1268 3595 1386 3649 induxit.
1399 3627 1438 3640 --

359 3670 428 3722 rium
443 3685 551 3740 opernm
565 3667 612 3721 tibi
622 3663 716 3720 dieo.»
914 3673 1047 3734 Pellicere,
1064 3673 1205 3744 proprium
1221 3673 1331 3746 quidem
1346 3695 1440 3732 mes-

395 3749 439 3800 63.
450 3749 517 3798 senis
532 3748 623 3806 noem,
635 3763 671 3797 se.
685 3744 869 3816 Demiphonis.
913 3749 1008 3802 tricnrn
1022 3761 1076 3817 est;
1089 3751 1137 3804 sed
1146 3761 1233 3805 tomen
1242 3754 1270 3806 h.
1283 3756 1301 3808 l.
1312 3755 1439 3812 formula

359 3834 513 3879 *Fratrem
527 3830 645 3896 majorem
665 3825 870 3879 cummeneo
913 3827 1074 3882 estmolliter
1089 3831 1365 3901 reprehendentis.-
1379 3843 1441 3889 Μο-

359 3905 463 3978 singula
477 3905 586 3959 nomina
600 3905 668 3957 bens
679 3901 818 3976 distinguit
826 3923 870 3958 co·
912 3913 945 3960 do
962 3929 1029 3976 nou,
1049 3929 1099 3982 pro
1111 3913 1323 3984 propemodum,
1342 3935 1438 3988 pone,

357 4005 413 4038 ram
426 3986 536 4056 populo,
546 3995 575 4035 ut
586 3984 623 4036 sic
630 3986 684 4056 jam
696 3983 817 4055 magnam
828 4003 867 4038 nr·
912 4019 948 4030 -
965 3995 1058 4042 Montes
1072 3996 1138 4046 auri.
1156 3993 1261 4046 Sallust.
1275 3995 1353 4048 Catil.
1366 4014 1436 4069 cap.

357 4064 475 4133 gurnenti
488 4075 587 4134 portem
597 4061 722 4116 declaret.
912 4085 996 4121 xxrrr:
1013 4066 1116 4123 «Maria
1130 4083 1287 4143 montesque
1304 4075 1438 4145 polliceri

391 4149 436 4207 64.
448 4145 545 4208 Quidni.
558 4141 590 4193 Id
598 4153 647 4208 est,
658 4161 706 4196 cur
716 4161 769 4195 non
779 4143 865 4195 novis·
910 4149 1014 4216 coepit..

355 4241 408 4274 sem
418 4242 425 4286 ;
437 4221 511 4293 quasi
527 4220 642 4287 diceret,
658 4225 721 4274 nori.
736 4253 770 4264 --
783 4225 864 4287 Quid?
945 4228 988 4292 69.
1009 4228 1053 4278 uri
1072 4241 1142 4279 tanta
1159 4247 1210 4291 res,
1230 4241 1282 4283 etc.
1300 4231 1438 4303 Explicat
