3064 5180
362 491 430 563 106
586 493 767 564 PUBLII
792 495 1044 564 TERENTII
1068 497 1191 565 AFRI

358 631 390 696 Ο
408 621 542 698 omium!
561 653 582 696 o
599 623 703 696 tarra!
724 653 746 696 o
761 629 866 698 maria
885 625 1051 722 Neptuni!
1069 631 1154 700 Mic.
1173 633 1258 701 Hem
1275 629 1349 702 tibi!

358 734 505 802 Rescivit
518 757 651 804 omnem
665 758 759 817 rem;
780 733 815 806 id
831 759 921 804 nuno
940 735 1060 805 clamat
1075 735 1207 808 scilicet.
1385 769 1427 823 „a

358 841 484 908 Parata
500 837 574 910 litos
590 865 598 909 ε
618 839 878 910 succurrendum
893 844 941 910 ’st
960 843 1024 911 Da.
1044 845 1169 912 Eccum
1185 844 1278 914 adest

358 947 553 1014 Communis
569 945 757 1040 corruptela
772 947 923 1016 nostrirm
941 933 1090 1017 liberum.

358 1053 441 1120 Mro.
455 1051 604 1120 Tandem
623 1053 767 1146 reprime
781 1052 1004 1140 iracundiam,
1025 1068 1125 1149 atque
1140 1056 1182 1124 ad
1202 1069 1235 1125 te
1257 1057 1337 1126 redi.

357 1159 423 1226 Da.
443 1159 615 1253 chmsi,
633 1159 734 1245 redii,
753 1160 849 1229 mitto
865 1159 1039 1230 maledicta
1061 1163 1195 1232 omnia:

358 1267 442 1334 Ram
460 1266 563 1359 ipsam
581 1279 748 1359 putamus.
766 1267 902 1336 Dictum
915 1267 1001 1338 iuter
1020 1291 1081 1337 nos
1094 1268 1159 1338 hoc
1175 1267 1256 1352 fuit,
1387 1294 1427 1332 a„

361 1373 411 1438 Ex
429 1384 461 1438 te
477 1371 560 1440 adeo
575 1385 625 1440 est
641 1385 769 1457 ortum,
784 1397 826 1440 ne
848 1387 886 1440 tu
905 1397 1038 1442 curares
1057 1399 1186 1461 mcum,

362 1475 454 1544 Neve
468 1501 531 1572 ogo
543 1475 662 1547 tuum?
681 1478 853 1574 responde.
876 1479 962 1549 Mic.
982 1483 1119 1552 Factum
1133 1484 1191 1568 ’st,
1207 1506 1276 1550 non
1288 1505 1385 1576 nego.

359 1583 426 1651 Da.
447 1583 518 1651 Cur
537 1607 626 1655 nunc
642 1584 732 1678 apud
747 1601 780 1653 te
796 1581 910 1680 potat?
929 1609 989 1655 cur
1005 1588 1124 1682 recipis
1137 1581 1271 1657 meum?

361 1690 432 1757 Cur
446 1690 527 1758 emis
545 1693 704 1778 amicam,
723 1684 850 1761 Micio?
864 1715 941 1759 uam
959 1692 1016 1786 qui
1035 1695 1146 1762 minus
1270 1692 1273 1722 ¹

360 1795 450 1864 Mihi
464 1794 550 1866 idem
563 1796 617 1890 jus
634 1821 764 1892 acquum
783 1800 824 1866 ’st
840 1821 928 1886 csse,
950 1797 1039 1893 quod
1055 1823 1185 1869 mecum
1204 1801 1244 1869 ’st
1257 1797 1339 1868 tibi?
1388 1821 1429 1860 eos

361 2030 437 2084 editio
453 2033 598 2086 nonnullis.
614 2063 647 2074 -
667 2037 713 2085 Hei
731 2035 808 2084 mihi!
821 2033 872 2087 De·
911 2031 1029 2098 'si‚rcdii,
1045 2035 1112 2086 mitto
1127 2037 1215 2087 malea
1227 2045 1278 2087 etc.
1301 2033 1433 2088 Notatum

364 2109 873 2182 mea,hacdicena‚irrampitfuribuu·
916 2111 1133 2177 vehementem
1152 2113 1289 2170 mitescere
1299 2129 1360 2164 eam
1372 2112 1434 2164 ani-

363 2190 421 2244 dua.
436 2220 471 2230 -
487 2193 554 2257 Quid
564 2192 684 2258 faciam?
706 2195 767 2259 quid
781 2199 873 2261 agam?
917 2191 1432 2264 mo,quamdertituiadvcrtario.Quam

367 2269 504 2334 Varro,de
517 2270 621 2342 Lingua
631 2269 873 2342 latina,distioguit
916 2270 986 2322 enim
1000 2289 1096 2342 parum
1122 2283 1273 2325 moveretur
1289 2268 1370 2321 Micio
1383 2269 1433 2320 teli

362 2368 448 2416 agere,
463 2347 537 2422 quod
550 2361 697 2420 genuum,
705 2351 873 2422 sacm‚ape·
917 2351 1031 2403 tumultu
1056 2361 1082 2403 et
1102 2351 1205 2424 jurgio,
1227 2350 1288 2402 artie
1305 2359 1435 2420 experior

364 2427 427 2484 oica.
916 2441 981 2483 erat
995 2435 1096 2484 Boecier.

398 2514 460 2576 794.
475 2511 589 2575 Neptuni.
602 2506 672 2561 Edit.
684 2509 767 2578 princ.
779 2514 874 2575 Neptu·
953 2509 1434 2563 800.1uterrosiroc.Coiloc.l.Bomb.

362 2588 414 2638 nia.
424 2592 489 2637 -0
500 2591 583 2642 maria
597 2591 711 2656 Neptuni.
721 2589 799 2644 Circa
818 2587 874 2642 hare
917 2591 963 2640 hoc
977 2591 1043 2641 inter
1054 2609 1107 2641 aas.
1119 2619 1156 2630 -
1170 2594 1298 2652 Putemus,
1312 2585 1436 2641 conoide-

363 2667 480 2720 Douatue
492 2667 654 2738 coapiantur,
663 2668 731 2722 veile
748 2673 875 2723 Demeam
917 2672 1164 2722 remum-Dictum
1173 2670 1218 2720 iar.
1228 2687 1253 2720 rr.
1273 2669 1347 2736 lmefi
1360 2667 1436 2719 Inter

361 2743 493 2801 diluvium
501 2757 528 2800 et
539 2746 677 2800 interitum
689 2749 769 2801 rebua
776 2759 875 2819 optare,
918 2765 966 2801 noa
982 2747 1114 2800 convenit.
1369 2801 1372 2806 ,

366 2836 395 2880 ut
416 2825 507 2881 omnia
529 2825 664 2898 Neptunia
687 2828 772 2892 fiam
795 2826 876 2880 nimia
953 2827 1014 2880 801.
1030 2830 1125 2877 Ortum.
1149 2823 1239 2876 Gueli.
1254 2841 1286 2888 a,
1308 2837 1435 2875 exortam.

362 2905 440 2975 longe
452 2904 562 2974 petitum
573 2917 623 2972 art,
636 2918 667 2960 ut
680 2905 716 2960 ait
726 2907 874 2972 Bmclerua,
918 2935 953 2948 -
966 2911 1009 2956 Eae
1022 2920 1046 2955 re
1058 2909 1122 2956 adeo
1143 2917 1180 2955 ese
1196 2918 1243 2956 ort.
1257 2903 1291 2955 Et
1309 2913 1366 2956 tute
1381 2901 1437 2956 hoc

363 3001 412 3038 nec
428 2985 579 3040 Terentiani
598 2986 802 3039 moria-Hem
815 2989 875 3038 tibi!
920 2983 1063 3039 dictaviati.
1087 2983 1149 3036 ttae
1179 3001 1227 3054 par
1249 2981 1439 3054 interrogatio·

364 3063 485 3116 Fortasse
496 3063 581 3117 innuit
594 3065 789 3138 Ctesiphonem.
807 3065 875 3122 cca·
918 3083 979 3117 nem
992 3062 1125 3116 dicuutur.
1133 3093 1166 3106 ·-
1175 3065 1247 3114 Adeo
1258 3080 1308 3132 pro
1321 3065 1406 3114 etiam.

364 3161 413 3205 ve,
428 3142 561 3213 Ctesipho.
569 3169 581 3190 ι
954 3145 1013 3197 802.
1025 3148 1091 3195 Neve
1100 3161 1147 3211 ego
1156 3141 1437 3195 taumflNonintoero·

398 3221 460 3289 795.
473 3225 577 3274 Scilicet.
589 3222 675 3274 Parta.
686 3221 749 3275 edit
764 3225 875 3274 iliacu—
918 3235 962 3296 get
974 3224 1020 3275 Br.
1031 3253 1066 3264 -
1080 3227 1179 3273 Factam
1195 3227 1232 3276 'sa
1247 3221 1380 3276 Convenit
1392 3222 1437 3274 in-

365 3307 398 3356 Id
403 3305 505 3356 clame.
515 3301 628 3374 Propter
638 3301 715 3355 iilud.
918 3316 958 3356 ter
976 3321 1040 3367 noe,
1053 3314 1084 3354 ut
1095 3301 1142 3354 air.

399 3384 461 3452 796.
474 3387 576 3434 Parata
594 3385 659 3442 lites,
677 3382 764 3453 jurgia
784 3393 875 3434 contra
955 3382 1014 3436 803.
1035 3385 1085 3434 Cur
1106 3399 1183 3433 nuuc.
1204 3379 1283 3434 Both.
1307 3399 1351 3430 car
1367 3398 1438 3432 meus

302 3470 305 3482 '
365 3479 408 3516 me
421 3460 568 3530 excogitata
577 3464 876 3514 aunt.-Succurrendum
921 3481 999 3513 narro.

370 3548 405 3594 ‘aa
416 3540 580 3610 Ctesiphoni.
955 3537 1366 3606 804.Namqui.Var.codd.num
1376 3541 1438 3606 qui,·

401 3638 461 3690 797.
475 3621 593 3672 Nostram
601 3620 712 3671 Uberum.
728 3619 773 3672 ΒΓ.
784 3633 876 3670 aaron·
919 3620 952 3672 ai.
966 3621 1093 3686 numquid.
1103 3617 1155 3670 sed
1167 3618 1253 3689 piacet
1265 3637 1340 3680 aare,
1354 3617 1439 3688 parti·

363 3721 425 3754 rura.
443 3698 531 3752 Gueii.
545 3719 576 3762 a,
598 3702 735 3750 liberarum.
745 3703 877 3750 ..Eccum
919 3698 980 3754 cula
991 3697 1135 3771 probandi.
1156 3729 1190 3738 -
1207 3699 1258 3764 Qui
1267 3699 1347 3748 minus
1359 3699 1439 3752 uiti.

363 3785 434 3840 ‘idest
442 3781 578 3832 Communi
591 3782 740 3846 cenapum,
748 3789 798 3829 etc.
809 3777 875 3830 Item
920 3791 970 3832 etc.
985 3778 1042 3831 Cur
1054 3795 1108 3830 non
1125 3795 1231 3848 aequum
1248 3788 1329 3842 earet,
1343 3775 1370 3828 id
1383 3790 1440 3840 eet,

362 3865 504 3927 Marmar,
519 3862 661 3912 tacueras
671 3863 815 3925 deScapin,
826 3871 876 3912 act.
920 3875 1009 3911 nonne
1024 3875 1129 3930 aquam
1144 3868 1211 3910 creet
1228 3855 1299 3909 idem
1314 3857 1358 3927 jue
1378 3873 1440 3908 aare

363 3945 388 4003 1,
403 3961 475 3995 acca.
491 3959 520 3994 rt
535 3956 542 3990 :
558 3938 632 3991 aab!
650 3937 705 3990 ah!
721 3954 786 3989 vous
808 3938 876 3990 vaila
921 3949 1011 3992 contra
1025 3936 1206 4009 te,quodtibi
1216 3947 1254 3989 aet
1265 3947 1355 3989 contra
1367 3953 1421 3986 me.

363 4022 447 4083 douc,
460 4039 521 4090 ruge
533 4035 703 4089 gouvernaur
717 4016 750 4069 de
761 4017 876 4081 familie,
957 4019 1016 4073 805.
1034 4021 1103 4068 Idem
1116 4021 1168 4086 jus.
1188 4015 1299 4069 Bothiua
1316 4029 1393 4066 tecum
1405 4033 1438 4066 ex

363 4101 432 4154 beau
441 4099 574 4152 directeur
587 4095 621 4148 de
628 4098 722 4168 jcuaea
737 4097 813 4167 gons!
825 4120 837 4144 ι
922 4097 1006 4149 Bentl.
1018 4095 1220 4168 addit‚propter
1228 4094 1377 4147 eatithaeim
1388 4113 1440 4144 me·

401 4197 463 4251 799.
474 4179 553 4230 Mitto.
565 4175 620 4227 Ian.
637 4177 729 4228 uitta
737 4207 770 4216 -
778 4181 873 4244 Repres·
918 4196 974 4227 cum
985 4175 1125 4248 sequentia.
