3064 5180
357 533 425 608 138
587 535 768 605 PUBLII
792 536 1047 606 TERENTII
1072 542 1191 609 AFRl

355 669 554 738 Funambuli
571 669 688 739 eodem
707 671 845 739 accessit
865 674 1088 765 exspectatio,

356 771 528 847 Comitum
544 791 745 861 conventus,
764 777 940 871 strepitus,
961 776 1089 848 clamor
1104 777 1282 868 mulierum
1410 801 1437 838 ⁵⁵

354 887 494 970 Fecere,
519 897 558 952 ut
574 897 652 953 ante
666 900 798 977 tempus
818 884 940 952 exirem
959 884 1058 954 foras.

356 993 479 1061 Vetere
501 991 642 1077 innova
663 992 750 1085 coepi
771 991 820 1059 uti
837 991 1095 1078 consuetudine,

354 1100 397 1166 ln
411 1097 617 1192 experiundo
633 1111 671 1166 ut
692 1121 798 1167 essem
816 1120 824 1163 τ
841 1096 950 1167 refero
972 1098 1092 1169 denuo.

356 1205 470 1274 Primo
486 1217 563 1272 actu
579 1203 715 1298 placeo,
733 1228 837 1298 quum
860 1204 986 1274 interea
1008 1231 1124 1276 rumor
1139 1209 1250 1295 venit,
1342 1239 1346 1249 ¹

395 1375 438 1438 34.
449 1376 565 1426 Accessit.
574 1373 873 1444 Beut.lingitaccedens.
915 1393 969 1424 rum
976 1378 1021 1442 qui
1030 1390 1086 1428 suut
1095 1379 1212 1428 innostro
1220 1379 1351 1437 comitatu,-
1359 1378 1436 1449 quod
1524 1445 1526 1449 Α

358 1487 394 1499 -
412 1459 567 1508 Funambuli.
586 1454 639 1520 Qui
667 1473 713 1525 per
736 1468 873 1507 extensum
916 1457 971 1506 lere
986 1454 1119 1508 malimus.
1135 1455 1205 1509 Mer.
1225 1456 1287 1509 Cas.
1303 1458 1437 1528 proponit

359 1535 473 1588 sublime
484 1535 571 1598 fimens
592 1537 709 1585 ambasiae.
725 1564 758 1575 -
782 1537 874 1586 Eodem
917 1533 1029 1604 intelligi
1042 1532 1187 1601 deservis,
1204 1547 1234 1588 nt
1249 1535 1437 1607 quideplebe

360 1617 468 1666 accessit.
478 1613 647 1684 conspiravit
659 1614 687 1667 in
701 1613 820 1667 eamdem
830 1632 874 1666 ca·
916 1613 1082 1676 homines,et
1095 1615 1159 1668 citat
1167 1615 1319 1670 Horatium:
1330 1643 1343 1664 ι
1351 1618 1436 1670 Arete

360 1694 515 1748 lumitatem.
529 1691 873 1762 -Eespectatio,deside-
916 1692 993 1747 decet
1010 1713 1104 1747 sanum
1127 1695 1253 1748 comitem
1274 1707 1369 1767 toga.»
1390 1697 1437 1750 Ni·

360 1774 441 1828 rium.
462 1773 589 1826 Horatius
609 1773 730 1826 tractavit
748 1773 821 1825 hunc
839 1773 875 1825 lo·
916 1771 956 1824 hil
971 1785 1058 1826 autem
1073 1774 1153 1827 nobis
1164 1775 1258 1828 melius
1268 1777 1368 1847 placet,
1381 1777 1436 1830 ior·
1457 1775 1461 1782 ’

360 1871 433 1916 cum,
445 1853 522 1924 epist.
534 1855 580 1920 11,
596 1871 623 1918 13
633 1871 712 1924 quem
724 1854 785 1906 citat
794 1853 874 1906 Boecl.
917 1866 985 1908 tasse
1001 1867 1110 1926 propter
1123 1855 1196 1908 vocis
1210 1855 1294 1927 ipsius
1311 1855 1339 1909 di
1345 1855 1435 1910 trisul-

362 1933 459 2005 «sepe
479 1933 559 1988 etium
582 1932 709 1987 audacem
732 1933 806 2005 lugat
823 1933 875 1986 hoc
916 1945 1014 1996 tatem,
1039 1951 1119 2006 quam
1140 1953 1208 1986 nora
1229 1936 1310 1988 lectio
1335 1936 1436 1989 Bothio

360 2025 494 2085 terretque
515 2025 637 2084 poetam,
661 2013 742 2079 Quod
762 2031 875 2067 numero
917 2013 1046 2076 admissa,
1058 2032 1141 2086 quum
1153 2016 1437 2085 praesertimlsomr'ssum

359 2094 465 2165 plures,
476 2092 573 2147 virtute
587 2095 724 2146 ethonore
741 2093 875 2156 minores,
917 2094 962 2147 hic
974 2106 1126 2166 opponatur
1136 2103 1170 2166 τῷ
1182 2100 1318 2148 mulierum.
1329 2097 1395 2148 vid.
1406 2097 1437 2149 in

362 2172 471 2226 Indooti
496 2171 654 2244 stolidique,
671 2185 699 2226 et
724 2173 875 2244 depugnare
918 2193 974 2226 aar.
997 2175 1058 2226 lect.
1082 2211 1113 2220 -
1135 2179 1273 2245 Str-spitus,
1295 2189 1437 2230 certarnen

361 2254 463 2326 parati,
482 2254 510 2305 Si
527 2252 660 2307 discordet
679 2272 774 2327 eques,
787 2253 877 2307 media
918 2253 1030 2307 diversis
1043 2254 1196 2308 faventium.
1211 2261 1277 2307 Dos.
1287 2285 1323 2296 -
1335 2259 1440 2307 Clamor

361 2333 432 2387 inter
448 2333 568 2386 carmina
587 2345 700 2404 poscunt
722 2341 775 2386 Aut
794 2353 876 2385 ursum
918 2337 1052 2385 mrsle'ensm.
1066 2334 1224 2406 Importune
1237 2334 1298 2397 hic,
1310 2346 1342 2386 ut
1359 2335 1440 2387 nobis

361 2429 407 2465 aut
413 2417 528 2481 pugiles;
542 2413 586 2465 his
596 2432 658 2466 nam
666 2414 804 2485 plebecula
812 2432 876 2486 gau·
918 2413 1038 2474 videtur,
1059 2415 1232 2486 questionem
1254 2415 1321 2485 juris
1353 2419 1440 2485 agitat

363 2493 417 2546 det.
425 2495 525 2546 Verum
541 2493 635 2564 equitis
644 2513 752 2568 quoque
759 2495 815 2567 jam
829 2494 877 2548 mi·
918 2494 1044 2558 Perletua,
1057 2495 1153 2566 «quia,
1167 2495 1265 2567 inquit,
1277 2513 1331 2547 non
1339 2494 1441 2548 licebat

362 2574 448 2645 gravit
462 2573 497 2625 ab
512 2592 577 2626 aure
593 2573 713 2646 voluptas
727 2574 824 2628 Omnis
842 2573 877 2627 ad
919 2575 1077 2628 mulieribus
1094 2575 1218 2628 interesse
1228 2575 1298 2628 ludia
1308 2575 1440 2638 scenicis,

324 2649 328 2659 '
363 2651 876 2724 incertosoculoae‘tguutliaraua,etc.»
919 2663 992 2706 etc·
1009 2654 1091 2720 Satis,
1107 2653 1346 2725 exhocipsoloco
1366 2665 1442 2726 patet

400 2735 445 2788 35.
465 2737 582 2785 Coruitum
599 2745 741 2785 conventus.
761 2733 878 2805 Relingit
920 2751 1037 2788 easvere
1051 2733 1211 2787 interfuisse.

364 2812 385 2864 si
405 2830 460 2864 non
482 2831 558 2876 vore,
580 2825 607 2867 at
624 2813 716 2865 saltem
740 2813 879 2882 ingeniose
956 2813 999 2866 36.
1013 2821 1188 2880 Autesempus‚
1206 2813 1440 2884 antecompletam

362 2892 444 2944 Both.
466 2896 588 2944 hominnm
603 2908 714 2946 convent.
734 2895 876 2963 «Nempe,
921 2893 1017 2947 labulss
1027 2895 1168 2946 actionem.

363 2973 418 3034 eit,
432 2972 504 3025 vocis
522 2976 646 3024 lominum
666 2975 752 3045 prima
776 2973 880 3045 syllaba
956 2975 999 3044 37.
1012 2981 1098 3026 Vetere
1107 2975 1132 3022 in
1145 2991 1219 3037 nova,
1230 2983 1280 3024 etc.
1294 2971 1370 3025 Ordo
1381 2985 1438 3027 est:

365 3071 449 3123 quum
472 3054 541 3106 sorte
562 3052 604 3106 vel
618 3065 671 3106 tota
682 3095 689 3120 ,
702 3055 746 3108 rel
759 3073 790 3107 ex
803 3066 879 3124 parte
923 3061 951 3105 Iu
969 3055 1019 3106 hac
1033 3071 1097 3104 nova
1115 3052 1235 3104 Terentii
1253 3052 1363 3116 tabula,
1377 3059 1443 3122 coepr'

367 3134 505 3204 periisset,
521 3134 660 3186 autetiam
675 3135 773 3188 omissa
787 3146 878 3186 esseta
922 3136 1082 3204 (aggressus
1108 3135 1199 3200 aum),
1215 3133 1254 3182 τιεί
1278 3147 1364 3184 vetere
1377 3149 1439 3187 mea

364 3214 489 3276 librariis,
503 3214 571 3266 sicut
581 3214 638 3266 lieri
648 3213 752 3266 solebat
760 3214 789 3265 in
798 3211 880 3266 literis
922 3215 1107 3278 suusueurdiue,
1114 3229 1168 3284 qua
1178 3229 1249 3263 eram
1258 3211 1324 3264 olim
1335 3231 1401 3265 usus
1410 3217 1438 3264 in

365 3311 490 3346 versuum
500 3293 880 3362 initialibua,miniopostmo·
922 3293 1023 3347 Caecilii
1047 3292 1161 3355 fabulis,
1187 3309 1283 3363 nempe
1309 3305 1338 3343 ut
1359 3313 1439 3344 essem

364 3372 430 3426 dum
449 3371 638 3444 appingendis,
665 3371 776 3442 gliscere
800 3372 881 3443 coepit
922 3376 972 3443 (ut
981 3373 1152 3440 insisterem)
1173 3376 1197 3423 s'u
1220 3376 1374 3440 experiundo
1387 3374 1439 3442 (in

363 3452 520 3523 corruptio,
546 3451 633 3523 eapite
660 3463 783 3504 truncata
813 3469 880 3503 soce
922 3451 1040 3523 periculo
1053 3452 1205 3520 faciendo),
1218 3452 1389 3506 intentando
1403 3473 1440 3506 an

364 3535 485 3595 ominum,
505 3532 548 3584 vel
560 3533 683 3582 comissum
702 3530 880 3602 degenerante
922 3531 1055 3602 placitura
1065 3543 1133 3585 esset
1145 3531 1258 3604 Hecyra.

365 3611 494 3684 paulatim
511 3611 538 3663 in
552 3615 667 3674 ursitum,
682 3613 824 3662 samium».
843 3641 879 3652 -
959 3611 1004 3664 38.
1024 3617 1054 3662 In
1067 3631 1125 3679 exp.
1145 3625 1172 3662 ut
1190 3631 1277 3663 essem.
1292 3611 1337 3664 Cf.
1357 3611 1439 3664 simil.

364 3697 440 3759 Strep.
449 3689 584 3764 Plerseque
597 3690 672 3744 editt.
684 3709 733 3762 pm
747 3691 878 3756 hacroce,
923 3691 1004 3744 locut.
1016 3692 1114 3744 Heaut.
1128 3710 1167 3744 vs.
1179 3693 1229 3759 985
1244 3693 1255 3759 (
1269 3690 1322 3743 vol.
1343 3693 1369 3757 I,
1378 3709 1440 3762 pag.

364 3771 463 3824 habent
488 3790 549 3824 curn
572 3774 692 3832 Donato,
714 3773 828 3822 surdum.
843 3801 879 3812 κ-
924 3773 975 3834 452
989 3773 1008 3839 ),
1022 3783 1048 3824 et
1066 3772 1105 3824 ibi
1119 3781 1174 3824 not.
1190 3773 1329 3837 —ltesero
1347 3774 1438 3822 denuo.

365 3854 482 3903 &mirram
491 3865 630 3902 conventus.
640 3850 700 3902 Non
709 3851 787 3921 plane
797 3849 879 3920 liquet
923 3851 1023 3904 Iterum
1034 3851 1167 3922 Hecyram
1182 3849 1341 3904 comoedism
1354 3852 1440 3902 intro·

363 3931 431 4005 quid
448 3930 579 4002 significet
592 3933 712 3981 comitiam.
724 3929 879 4000 Suspicatur
923 3929 994 3982 duco
1004 3930 1032 3982 in
1047 3931 1190 3984 theutrum.

365 4017 485 4066 Donatus
501 4009 546 4080 agi
559 4008 594 4062 de
611 4009 643 4060 iis
654 4009 699 4079 qui
710 4019 879 4063 assectatores
961 4010 1002 4078 39.
1022 4015 1121 4075 Placen,
1144 4030 1197 4064 vox
1219 4021 1389 4082 consecrata,
1410 4024 1439 4063 ut

365 4088 878 4162 suutpugilum‚etamicossuosinlo
924 4089 1047 4143 videmus
1073 4091 1101 4144 in
1122 4092 1201 4144 variis
1225 4089 1439 4144 Didascaliis.-—

365 4191 427 4224 curn
436 4167 589 4221 certaminis
600 4168 767 4222 comitantur.
780 4169 831 4222 atii
841 4169 879 4222 iu·
923 4171 1009 4237 Mire,
1030 4189 1087 4223 non
1106 4169 1169 4237 diu,
1185 4171 1291 4242 iuquit,
1311 4169 1439 4242 pependit

365 4263 492 4320 terpretea
505 4247 660 4319 explicant,
683 4263 815 4302 concursus
839 4271 878 4302 eo·
921 4249 1069 4322 judicium,
1091 4249 1138 4304 sed
1161 4250 1249 4304 statim
1268 4250 1384 4322 placuit:
1409 4261 1441 4302 ut
