3064 5180
336 547 438 630 -140-
582 542 761 611 PUBLIl
784 537 1031 608 TERENTII
1054 537 1177 606 AFRI

341 681 376 749 Si
395 700 566 771 nunquam
579 699 679 747 avere
694 675 838 770 pretium
857 673 956 743 stetui
974 672 1037 742 arti
1052 694 1152 758 meae,

344 789 389 854 Et
406 809 484 854 eum
495 808 566 853 esse
578 797 761 877 quaestum,
776 783 810 850 in
825 781 973 849 animum
985 777 1117 864 induxi,
1138 799 1352 860 maxumum,
1397 803 1425 841 s.

345 894 457 981 Quem
476 915 631 974 maxume
648 889 771 959 servire
785 887 903 957 vestris
924 883 1124 954 commodis:

347 999 451 1068 Sinite
466 999 728 1091 impetrarem,
748 995 849 1090 quiin
864 990 1001 1062 tutelam
1017 1014 1127 1060 meam

346 1105 503 1176 Studium
526 1129 640 1189 suum,
657 1118 690 1173 et
710 1127 745 1173 se
763 1105 798 1171 in
810 1114 956 1170 vestram
975 1097 1140 1168 commisit
1152 1094 1271 1182 fidem,

345 1213 399 1281 Ne
417 1235 494 1279 eum
511 1212 777 1279 circumventum
795 1209 907 1301 inique
926 1206 1029 1299 iniqui
1050 1202 1217 1273 irrideant

348 1320 429 1387 Mea
448 1341 548 1387 causa
561 1341 693 1386 causam
712 1315 865 1410 accipite,
885 1327 919 1381 et
937 1310 1014 1381 dete
1030 1307 1219 1396 silentium,
1398 1333 1426 1373 ss

347 1427 397 1494 Ut
414 1421 528 1494 lubeat
543 1423 686 1494 scrihere
708 1421 799 1507 eliis,
817 1419 964 1513 mihique
986 1431 1025 1486 ut
1040 1416 1167 1486 discere

347 1533 463 1601 Novas
482 1530 648 1625 expediet,
662 1529 802 1625 posthac
820 1527 929 1622 pretio
949 1538 1078 1620 emptas
1095 1547 1182 1592 mee.

386 1715 686 1780 49.Sirrurrquarn,etc.
701 1709 864 1762 Hoeversus
909 1714 997 1768 meriti
1022 1732 1097 1780 esee,
1121 1725 1148 1766 et
1170 1729 1253 1785 quem
1272 1709 1429 1783 fieqnsnter

349 1803 375 1844 et
385 1791 453 1845 duos
460 1803 600 1862 sequentes
609 1790 655 1843 det
663 1790 762 1860 pariter
769 1790 864 1841 licent.
909 1793 1010 1867 populo
1019 1793 1162 1867 placuerim
1172 1791 1272 1844 idcirco
1280 1801 1428 1862 propterte

349 1869 865 1942 prologus;utrumrepetenteTerentio‚
910 1869 1428 1927 diciteudientiemessecomosdiaedsn·

350 1972 386 2005 an
404 1967 494 2004 errore
507 1951 676 2004 librariorum
692 1968 746 2002 non
764 1949 865 2021 liquet;
910 1953 983 2007 dem.
997 1959 1075 2021 Eugr.
1087 1982 1123 1993 -
1137 1955 1262 2014 Causam,
1277 1968 1313 2003 se.
1330 1961 1427 2022 poeta.

351 2043 378 2084 et
400 2030 547 2084 difficiliter
568 2029 730 2104 judicaveris
758 2028 866 2082 cuinem
909 2035 1074 2100 -Aecr'pite,
1085 2049 1136 2103 pro
1149 2029 1283 2108 suscipite.

350 2109 463 2183 prologo
477 2111 545 2162 male
557 2110 656 2163 luerint
665 2109 787 2162 connexi.
796 2107 866 2160 Vide
948 2112 990 2165 56.
1000 2113 1108 2163 Scribere
1117 2113 1182 2163 aliis.
1194 2109 1279 2162 ilenti.
1292 2128 1340 2160 scr.
1351 2111 1428 2168 alies,

352 2202 439 2243 ceter.
451 2191 478 2243 in
489 2188 557 2262 prol.
571 2191 659 2254 citato,
672 2189 745 2260 quod
755 2189 866 2242 attinere
910 2211 949 2246 sc.
964 2192 1079 2258 fabulas,
1091 2203 1121 2243 ut
1130 2209 1168 2244 rs.
1187 2209 1228 2260 ²7·
1240 2191 1300 2242 Non
1313 2187 1429 2240 sdmitti-

351 2281 437 2342 potest
447 2269 481 2322 ed
493 2271 746 2341 interpretationem.
910 2291 979 2326 mus.
992 2275 1070 2334 Aius,
1094 2288 1132 2324 sc.
1148 2269 1342 2323 comediarum
1362 2269 1431 2322 scri-

390 2349 432 2403 50.
448 2354 478 2401 In
493 2352 572 2400 anim.
588 2351 693 2409 induxi,
709 2367 864 2399 martimum.
910 2351 1041 2423 ptoribus.
1054 2355 1214 2416 -Disccrc‚
1232 2368 1270 2403 sc.
1283 2349 1412 2421 agendas.

352 2431 418 2483 Met.
432 2427 507 2504 quid.
522 2441 548 2482 et
557 2426 636 2494 editi,
649 2430 674 2479 in
685 2431 763 2479 anim.
776 2431 868 2480 induxi
948 2429 990 2500 57.
999 2435 1080 2482 Pretio
1091 2451 1154 2483 meo.
1165 2430 1238 2494 Non,
1249 2448 1265 2482 e
1276 2449 1320 2482 me
1331 2429 1432 2496 soluto,

352 2532 440 2565 marin.
912 2510 957 2563 sed
966 2530 1000 2575 ,e
1013 2529 1055 2563 me
1069 2522 1166 2564 statuto
1176 2521 1202 2562 et
1214 2509 1340 2563 indicato.
1356 2511 1433 2562 Pete·

392 2595 432 2644 52.
448 2593 866 2658 quintantmeamsrudsrmm,
911 2593 978 2645 beot
1003 2590 1092 2644 edilee
1123 2591 1157 2645 eb
1179 2589 1312 2643 histrione
1336 2589 1431 2662 aliquo

352 2681 402 2723 etc.
412 2669 519 2724 Scilicet
534 2688 617 2741 quum
629 2667 748 2722 studium
762 2671 820 2742 ejus
831 2669 868 2721 le·
912 2672 1039 2744 primerio
1050 2669 1236 2743 fabulamque
1249 2667 1361 2723 inludis
1381 2688 1434 2741 pn·

354 2749 420 2802 bore
441 2768 500 2802 tneo
528 2749 683 2801 excitarem.
704 2749 779 2801 Ordo
802 2762 866 2803 est:
913 2751 988 2805 blicis
1017 2763 1139 2822 ageretur
1162 2771 1169 2802 :
1198 2749 1331 2822 simulque
1353 2749 1432 2802 illum

353 2829 438 2884 Sinite
459 2830 600 2900 impetrare
622 2845 683 2889 me.
699 2847 733 2881 ne
744 2830 868 2882 eumcir·
910 2832 1041 2904 jubebant
1060 2829 1177 2882 indicere
1195 2830 1310 2901 pretium
1330 2847 1387 2901 qno
1401 2829 1433 2881 il-

355 2907 626 2979 cumrentuminique
633 2907 717 2978 iniqui
731 2907 868 2973 irrideant,
913 2912 968 2964 lam
978 2911 1040 2982 ipsis
1049 2909 1128 2962 vellet
1137 2907 1262 2961 vendere.
1273 2907 1305 2961 ld
1312 2909 1433 2981 pretium

355 2987 437 3059 quiin
445 2987 554 3039 tutelam
562 3005 648 3038 meam
658 2985 776 3041 studium
784 3009 872 3058 suum,
917 3003 963 3044 eut
981 2991 1037 3063 ejus
1057 3007 1119 3061 pers
1137 3000 1206 3041 certe
1225 2987 1435 3060 persolvebatur

356 3080 416 3120 etse
425 3067 451 3118 in
462 3076 578 3119 restrum
589 3065 720 3119 commisit
731 3066 822 3122 fidem.
915 3083 1010 3144 poete.
1025 3067 1107 3135 Quod
1125 3069 1146 3121 si
1168 3068 1260 3122 subula
1272 3068 1434 3140 explodere·

393 3151 437 3210 54.
454 3149 654 3198 circumventum.
666 3146 795 3200 Delusum
804 3187 812 3214 ,
822 3169 869 3222 op·
914 3162 967 3213 tur,
977 3149 1076 3202 AEdiles
1088 3160 1207 3219 repetere
1216 3159 1341 3220 poterent
1351 3167 1434 3220 pecu-

355 3245 487 3299 pressnm.
503 3227 572 3280 Dicit
583 3225 746 3280 Terentium.
914 3231 1013 3282 nieme
1037 3247 1064 3282 te
1081 3227 1189 3290 dotem,
1208 3226 1281 3300 quod
1300 3225 1434 3280 damnum

394 3307 437 3360 55.
451 3309 556 3358 ceresam
571 3309 684 3374 accipite.
695 3307 818 3379 Plerique
828 3308 870 3361 ed.
916 3309 1052 3362 histrionis
1066 3320 1131 3360 eret.
1144 3314 1234 3360 lum-
1245 3309 1278 3358 At
1288 3306 1397 3368 Parcus,
1407 3321 1435 3360 et

357 3389 421 3438 dent
435 3406 538 3436 cansam
547 3391 614 3438 hanc
626 3390 705 3456 accip).
717 3389 871 3443 Omittimus
916 3389 983 3441 Mer.
1002 3388 1154 3442 Ceseubon.
1167 3385 1280 3439 eredunt
1294 3379 1398 3439 AEdiles
1417 3407 1434 3440 e

359 3469 425 3518 tanc
441 3483 473 3519 ex
491 3466 576 3519 Bentl.
597 3479 657 3538 post
676 3467 815 3520 Perletum.
838 3499 873 3509 -
917 3479 1011 3541 poete,
1027 3468 1171 3520 histriones
1184 3485 1275 3520 rursus
1289 3465 1324 3518 eb
1336 3465 1436 3522 AEdilis

359 3551 419 3598 Meo
427 3565 514 3613 caere.
524 3546 565 3599 Cf.
577 3565 615 3599 rs.
625 3548 666 3600 28.
676 3547 730 3600 Scit
738 3566 766 3600 se
777 3549 872 3620 optimi
918 3549 967 3601 bus
978 3547 1071 3602 emisse
1082 3547 1224 3620 Hecyram.
