3084 5182
365 561 415 650 48
601 560 779 632 PUBLII
805 559 1057 630 TERENTII
1084 561 1205 632 AFRI

361 698 429 766 ὣς.
444 696 533 789 Age,
549 688 675 787 inepte!
693 693 799 782 Quasi
811 717 901 764 nuno
918 718 988 762 non
1005 693 1155 764 norimus
1172 717 1234 764 nos
1251 692 1338 764 inter
1354 719 1438 782 noe,

362 911 437 978 Hoc
460 798 750 1080 miipitddildi?nos
775 930 870 1002 pene
894 929 968 976 sero
990 906 1104 994 scisse,
1124 919 1159 974 et
1183 929 1278 1001 paene
1300 906 1335 976 in
1358 931 1437 978 eum

362 1119 518 1205 Redisse,
532 1035 737 1188 diiiirmnes
755 1132 929 1212 cuperent,
947 1117 1008 1186 tibi
1022 1115 1068 1186 nil
1082 1131 1217 1213 possent
1232 1115 1433 1188 auxilierier.

365 1228 425 1298 Cr.
442 1223 602 1294 Pudebat.
620 1225 688 1293 AEs.
708 1223 780 1312 Ah,
801 1223 939 1294 stultitia
954 1221 995 1292 ’st
1013 1225 1116 1313 istnc,
1134 1248 1203 1293 non
1220 1223 1345 1320 pudor,
1362 1239 1434 1296 tam

521 1330 565 1400 ob
587 1326 761 1426 parvulam
1395 1359 1435 1411 ηε

362 1439 465 1524 Rem,
481 1461 575 1532 paene
593 1461 634 1506 ex
653 1437 910 1532 petria...Turpe
922 1434 1025 1506 dicut.
1040 1436 1133 1506 Deos
1152 1460 1276 1532 quaeso,
1289 1451 1328 1506 ut
1342 1437 1432 1510 istsec

521 1541 728 1638 prohibeant.
1525 1617 1528 1624 .

362 1651 423 1722 Cr.
448 1650 598 1719 Peccavi.
621 1649 687 1718 AEs.
713 1646 804 1737 Quid
824 1647 871 1717 ait
893 1645 1028 1718 tandem
1053 1647 1151 1718 nobis
1172 1646 1320 1718 Sannio?
1344 1649 1430 1722 Srn.

520 1757 594 1824 Iam
614 1755 703 1824 mitis
720 1768 781 1824 est.

358 1926 454 1999 lipsin;
469 1924 533 1981 sall.
544 1926 689 1980 enercinrm
710 1926 871 1998 opprimendo
913 1924 1022 1980 Hesicd.
1038 1921 1121 1988 stete
1140 1923 1221 1980 δὀὐκ
1241 1928 1321 1997 ἀγαθὴ
1341 1947 1431 1999 appe·

362 2006 480 2059 libertatis
491 2005 705 2077 habes-(nam
715 2025 762 2078 quo
772 2007 870 2058 habam
913 2009 983 2075 pisci
1001 2002 1081 2076 ἄνδρα
1093 2005 1194 2078 sopitis.
1208 2007 1317 2060 Homer.
1329 2005 1430 2078 Odyss.

360 2099 467 2158 pssum.
481 2086 569 2151 Quom
583 2096 615 2138 nt
636 2105 668 2140 eo
681 2104 725 2139 me
745 2085 870 2140 beneficii
912 2089 940 2138 P.
955 2081 1026 2138 Atto
1042 2079 1068 2138 d*
1083 2087 1126 2140 οὐκ
1139 2085 1231 2157 ἀγαθήν
1249 2093 1309 2158 pce'
1321 2088 1429 2158 ῐμμιναι

361 2185 507 2220 memorem
519 2165 662 2236 proebcsm.
914 2160 984 2234 estet
998 2165 1110 2236 προΐκτῃ.
1123 2165 1233 2218 Fami.
1251 2196 1292 2209 -
1315 2167 1378 2218 Tam
1393 2166 1428 2218 ob

405 2264 470 2315 ¹7¹·
493 2245 565 2299 Nune
582 2263 638 2296 non.
663 2246 721 2298 Hoc
740 2263 788 2296 nors
802 2244 869 2299 We.
908 2245 1037 2314 porculam
1052 2244 1162 2298 Bersld
1175 2257 1229 2307 eet,
1243 2246 1429 2311 meretricem,

362 2325 449 2378 omitt.
463 2337 490 2378 et
509 2341 572 2376 nsmc
593 2323 710 2395 explicet
722 2323 870 2394 emphatice
913 2341 945 2375 ex
959 2325 1063 2377 Donato
1071 2343 1080 2390 ;
1094 2324 1137 2377 vel
1160 2325 1248 2378 iorssn
1260 2325 1375 2390 meiius,
1389 2327 1430 2379 ob

361 2422 417 2460 esse
432 2423 495 2456 mane
505 2402 624 2456 demum.
640 2435 680 2448 --
697 2404 788 2473 Inepte.
808 2404 870 2456 Non
912 2417 970 2455 rem
984 2403 1027 2456 cui
1040 2416 1092 2456 tam
1104 2403 1181 2457 facile
1195 2416 1253 2460 erst
1263 2401 1429 2459 medicinam

362 2496 402 2537 est
409 2483 515 2553 injuris,
525 2481 590 2553 quis
600 2493 626 2534 et
635 2484 720 2553 msjor
731 2483 813 2536 irater
821 2494 870 2548 est,
913 2479 1070 2546 admovere,
1086 2495 1117 2536 nt
1129 2501 1179 2555 ego
1189 2483 1248 2536 ieci.

361 2575 389 2616 et
401 2562 499 2616 hianda
512 2561 642 2616 dicturus.
654 2593 694 2606 —
708 2562 787 2631 Quasi
798 2581 869 2614 nunc.
955 2566 1021 2632 276.
1034 2563 1174 2634 Eepotrr'a.
1185 2562 1216 2617 C.
1229 2562 1264 2616 G.
1272 2581 1308 2616 m.
1319 2567 1429 2636 excepis-

361 2641 446 2708 Quoi
454 2643 530 2712 pulle
539 2644 593 2712 jem
604 2641 673 2696 iuter
684 2659 734 2694 nos
744 2654 871 2696 essetno·
911 2661 945 2694 se.
970 2641 1070 2695 Glosse
1093 2643 1206 2714 speciem
1229 2643 1318 2696 hebet.
1334 2674 1375 2686 -
1391 2645 1429 2697 Ut

361 2722 434 2790 sitis,
455 2721 581 2776 amicitis.
911 2723 987 2772 israe.
998 2723 1028 2774 Z.
1042 2721 1302 2774 aristae-Peme
1310 2726 1427 2793 patria...

402 2804 469 2874 273.
485 2803 542 2855 Hoc
553 2801 611 2852 milri
622 2799 673 2854 dol.
688 2799 730 2855 sl.
744 2798 868 2871 premitt.
912 2799 1030 2853 Suhsnd.
1041 2801 1198 2872 profugisse.
1207 2831 1248 2844 —
1257 2802 1337 2872 Turpe
1348 2803 1426 2858 dieta.

359 2881 417 2936 Sed.
441 2907 481 2917 -
500 2882 531 2936 In
544 2899 597 2934 eum
613 2880 698 2934 hrum.
712 2879 757 2931 Be.
773 2880 828 2949 ing.
840 2880 869 2932 in
911 2879 992 2932 Recte
1004 2879 1118 2952 :quippe
1132 2899 1215 2953 quum
1225 2881 1310 2934 libero
1319 2881 1428 2938 homini

358 2981 420 3016 eum
433 2981 491 3016 rem
504 2962 602 3014 locum.
619 2989 661 3002 -
679 2959 753 3012 Peene
764 2977 824 3012 sem.
835 2957 869 3012 Id
911 2959 999 3030 petris
1017 2961 1117 3013 ceteris
1138 2962 1218 3014 rebus
1236 2961 1360 3014 omnibus
1370 2999 1378 3026 ,
1388 2980 1428 3015 ne

359 3053 418 3103 est,
438 3059 514 3112 pene
535 3039 615 3094 nimis
634 3057 702 3094 rero.
726 3069 766 3080 —-
781 3037 867 3093 Seius.
910 3037 998 3092 dicem
1007 3039 1155 3096 meren-ire,
1168 3041 1255 3094 csrior
1268 3057 1323 3094 csse
1333 3039 1426 3095 debet.

357 3119 478 3174 Puellam
501 3119 621 3190 Cyprum
646 3135 702 3172 csse
721 3117 868 3188 deporten-
909 3118 976 3171 Peri.
989 3151 1029 3161 -
1043 3119 1123 3172 Istoee.
1138 3119 1241 3191 Nempe
1262 3120 1352 3191 fugem
1373 3139 1426 3192 ps·

357 3199 436 3265 dem,
448 3212 474 3254 es
484 3217 534 3270 pro
547 3197 680 3270 meneipio
692 3196 866 3252 rendendsm.
910 3199 967 3252 trie
975 3216 1030 3270 prse
1045 3191 1230 3270 desperatione
1243 3199 1271 3254 in
1280 3217 1427 3252 rmore.-

398 3287 464 3350 274.
489 3279 594 3332 Redisse.
629 3278 662 3332 C.
686 3278 720 3332 G.
744 3297 782 3330 m.
807 3297 866 3350 sup.
909 3275 1056 3331 Mensnder
1071 3270 1123 3347 (ut
1138 3278 1203 3332 dicit
1217 3267 1364 3346 Donum),
1378 3281 1426 3334 vel

357 3357 447 3430 script.
461 3371 526 3412 rursm
535 3355 864 3426 ..monn-neussesun.
909 3357 1034 3428 Diphilus
1057 3353 1098 3420 (nt
1119 3357 1318 3413 rescribendum
1343 3371 1426 3430 putet

357 3457 416 3501 πως
431 3438 450 3492 i.
473 3458 497 3493 e.
512 3457 561 3492 nos
575 3437 697 3492 reductos
712 3436 800 3490 suisne.
824 3469 865 3481 —
908 3437 938 3490 P.
946 3437 1077 3503 Nunnius,
1085 3456 1118 3491 ex
1129 3438 1236 3509 Prolog.
1247 3456 1285 3491 rs.
1295 3435 1337 3502 6).
1349 3441 1424 3494 mori

357 3517 386 3572 Si
392 3537 471 3571 omres
484 3530 602 3590 cuperent,
615 3517 693 3572 etiam
710 3517 731 3570 si
745 3535 800 3570 non
815 3535 864 3588 ego
906 3520 1031 3590 juvenem
1047 3516 1160 3570 voluisse
1174 3517 1259 3588 fingit.
1273 3517 1364 3584 Quum
1374 3537 1424 3573 su·

357 3599 440 3665 solus,
452 3597 497 3652 sed
510 3617 601 3652 omnes
616 3597 694 3650 simul
707 3597 836 3651 homines.
906 3609 960 3651 tem
974 3595 1003 3650 id
1010 3596 1091 3650 nimis
1099 3597 1226 3669 tragicum
1239 3598 1425 3662 esset‚merito

399 3677 465 3749 ²7⁵·
480 3679 537 3743 At,
548 3677 662 3730 stultitia.
676 3678 720 3730 nr.
736 3677 864 3730 Alisstul-
906 3675 974 3729 iilud
986 3675 1126 3730 Terentius
1134 3677 1261 3741 mutarim
1278 3675 1351 3730 unde
1358 3678 1425 3732 estis

356 3761 418 3812 siric
445 3789 480 3800 -
502 3757 622 3812 Pudebat.
643 3755 756 3828 Supplet
771 3756 862 3811 West.
905 3754 1007 3827 liquide
1023 3754 1143 3827 judicare
1162 3756 1359 3830 possimusque
1376 3776 1424 3811 rs·

357 3863 368 3885 ι
378 3838 504 3890 Amorem
519 3855 608 3890 meum
626 3835 729 3906 sperire
747 3835 859 3889 fratri.»
905 3835 1422 3907 tionegrecssNostes-Intinusverteret.

353 3916 496 3969 Mslimus:
518 3915 656 3970 uPudebct
673 3928 700 3969 te
719 3914 863 3968 admonere
948 3933 1013 3986 ²77·
1034 3914 1144 3970 Pereari.
1166 3915 1222 3980 Qui
1237 3916 1344 3970 consilis
1358 3935 1422 3972 mes

354 3997 392 4052 ite
399 4015 456 4052 rem
467 3993 780 4068 urgerem-Studiose
788 3997 862 4060 istac,
905 4013 960 4050 non
976 3995 1227 4050 communicaverim
1240 4014 1301 4050 cum
1310 3995 1357 4050 tsli
1366 3995 1422 4051 fra-

353 4096 401 4130 norr
410 4076 500 4148 pudor.
514 4074 600 4130 Malus
613 4074 657 4131 hic
676 4073 766 4145 pudor
784 4087 863 4145 etque
906 4073 1094 4141 m-rvotis,
1102 4082 1138 4146 τῷ
1149 4071 1287 4148 ἶδιυτισμῷ
1294 4073 1421 4130 additum

351 4157 461 4224 inutilis,
471 4155 517 4228 qui
528 4168 632 4227 egenter
643 4154 772 4226 impediet
785 4173 802 4210 s
816 4174 863 4226 po·
908 4167 946 4206 est
956 4193 964 4220 ‚
973 4173 1023 4225 pro
1034 4155 1099 4210 milri.
1110 4156 1175 4210 Non
1182 4156 1253 4210 eninr
1262 4155 1330 4208 nobis
1340 4155 1422 4210 intel·

350 4235 864 4307 soendscmirorumopeetbenignitste.
907 4232 1043 4304 iigendum
1059 4248 1108 4289 est.
1117 4267 1158 4279 -
1173 4235 1288 4308 Tendens.
1299 4233 1350 4289 Cui
1362 4247 1421 4291 tsm
