3026 5184
284 541 510 610 nncrni.
538 541 647 610 aer.
677 541 758 626 111,
785 540 853 608 sc.
882 542 954 612 111.
1041 567 1043 572 v
1083 551 1153 646 175

108 680 204 746 Mater
214 673 441 768 consequitur:
457 672 527 766 jam
540 687 578 741 ut
589 671 689 742 limen
703 673 844 759 exirem,
856 676 900 745 ad
914 701 1023 770 genua
1036 683 1159 755 accidit

107 788 291 853 lacrumans
308 781 448 850 misera:
465 781 647 850 miseritum
667 794 719 850 est
738 808 746 848 :
767 779 919 875 prolecto
934 783 1000 854 hoc
1020 788 1067 856 sic
1087 807 1157 879 est,

246 902 283 957 ut
299 902 393 982 puto.

106 996 252 1066 Omnibus
269 993 366 1064 nobis
380 1005 485 1061 utres
501 992 583 1063 dant
599 1015 691 1081 sese,
709 993 755 1064 ita
770 997 883 1089 magni
899 1011 998 1092 atque
1016 998 1158 1074 humiles

245 1125 373 1172 sumus.
430 1145 434 1154 =
802 1119 809 1130 ·
1118 1130 1157 1170 aa

106 1213 189 1278 llonc
201 1207 323 1278 babere
339 1204 525 1277 orationem
546 1231 678 1276 mecum
701 1208 865 1302 principio
885 1210 1025 1280 institit:
1054 1273 1060 1284 .

107 1333 121 1367 a
139 1316 223 1384 Omi
234 1314 422 1410 Pamphile,
441 1313 545 1383 abste
557 1313 775 1408 quamobrem
787 1314 858 1385 haec
872 1315 1009 1406 abierit,
1022 1345 1155 1393 causam

241 1420 345 1493 videa

104 1528 177 1596 llam
194 1529 310 1596 vitium
330 1544 381 1599 est
398 1527 547 1598 oblatum
569 1529 691 1623 virgini
713 1525 792 1596 olim
812 1527 855 1598 ab
875 1532 987 1601 nescio
1007 1559 1075 1628 quo
1094 1537 1155 1605 im-

244 1635 362 1730 probo.

101 1740 187 1810 Nunc
210 1741 277 1811 huc
310 1741 483 1838 confugit,
511 1756 544 1812 te
574 1756 674 1836 atque
699 1738 779 1811 alios
795 1756 938 1836 'partum‘
963 1760 1000 1813 ut
1034 1747 1158 1819 celaret

242 1873 350 1919 snum.
369 1877 387 1914 a

100 1952 265 2048 Sedquum
283 1970 379 2026 orata
400 1957 472 2050 ejus
492 1955 705 2043 reminiscor,
725 1979 854 2049 nequeo
871 1960 952 2052 quin
974 1957 1156 2032 lacrumem

244 2087 355 2132 miser.
1114 2085 1155 2128 ms

102 2167 277 2263 ‘Quoque
298 2170 368 2240 fors
388 2169 524 2238 fortuna
543 2182 614 2258 est,
636 2167 763 2262 inquit,
790 2169 886 2240 nobis
905 2197 980 2266 quae
1001 2186 1034 2241 te
1054 2174 1155 2245 hodie

241 2275 381 2364 obtulit,
412 2299 414 2306 ⁴

99 2379 149 2448 Per
164 2405 236 2450 eam
257 2397 291 2452 te
309 2382 525 2453 obsecramus·
544 2381 667 2465 ambae,
688 2382 714 2450 si
728 2384 801 2478 jus,
822 2383 850 2452 si
871 2383 920 2452 fas
938 2399 1002 2468 est,
1021 2388 1070 2454 uti

91 1619 95 1650 l

124 2578 176 2648 378.
187 2585 280 2643 naar,
293 2579 431 2652 Myrrhina
438 2579 549 2634 scilicet.
561 2609 594 2621 -
674 2579 736 2643 384.
748 2585 814 2644 Huc,
824 2579 852 2632 in
860 2579 942 2635 domo
950 2581 996 2634 ubi
1004 2600 1073 2645 sum,
1083 2585 1155 2656 apud

95 2663 141 2710 Iam
151 2675 177 2710 nt
188 2664 205 2711 l.
213 2679 255 2712 ex.
265 2660 400 2713 Sententia
410 2661 531 2713 absolute
539 2671 594 2712 eat:
637 2675 681 2712 me
691 2659 774 2730 ipsius
787 2669 906 2712 matrem.

95 2739 158 2792 dana
168 2741 194 2793 in
207 2759 241 2793 oo
253 2758 327 2793 eram
339 2751 370 2793 nt
379 2740 459 2792 limen
467 2739 589 2792 exirem.»
676 2738 737 2791 385.
752 2743 864 2805 Nequeo.
874 2739 904 2792 C.
918 2739 953 2792 G.
965 2757 1000 2794 m.
1014 2739 1087 2794 addit
1099 2747 1155 2794 abs·
1267 2781 1276 2796 .

123 2817 176 2890 379.
189 2823 334 2874 Miseritum.
347 2820 408 2883 Alii,
417 2823 548 2872 misertum.
560 2849 596 2860 -
640 2821 725 2870 tinere.
738 2847 774 2858 -
787 2824 878 2879 Orata,
889 2837 991 2891 preces.
1002 2826 1155 2890 -Neqaem
1175 2815 1176 2822 ἵ

96 2901 481 2971 liberamentUtr-eoteoupra
494 2896 596 2951 dictum
640 2896 714 2950 deeat
732 2901 864 2950 continere.
882 2929 918 2940 -
936 2903 1002 2968 Quia
1023 2905 1155 2954 tornantem

95 2977 157 3031 sirde
169 2980 232 3042 illo,
243 2998 285 3034 va.
300 2978 349 3032 152
359 2997 366 3032 :
378 2977 472 3030 uPium
484 2989 511 3030 et
523 2975 598 3048 pndi·
640 2979 720 3030 miser.
730 2976 933 3031 Videtorlletua
947 2977 1091 3050 detergere.

95 3075 143 3109 enm
152 3059 290 3131 ingenium
298 3076 391 3112 narras
405 3056 572 3128 Pamphili.»
677 3056 737 3110 386.
748 3063 863 3110 Formae.
874 3057 941 3110 We.
956 3076 991 3110 ex
1000 3058 1064 3112 Mas.
1078 3059 1154 3115 Leid.

121 3135 175 3191 380.
189 3145 235 3200 Ue,
246 3149 338 3209 prout.
352 3135 595 3211 —Apollodoruu
636 3155 684 3206 pro
707 3138 761 3189 illa.
785 3167 820 3176 —
845 3142 956 3204 Qaoeqne
967 3139 1025 3204 sors
1035 3143 1152 3207 fortuna.

95 3217 158 3280 ὤτυς
180 3223 287 3281 tramae
312 3216 358 3272 διὰ
388 3219 422 3273 τὰ
452 3221 594 3290 πράγματα
638 3205 753 3289 immid
767 3215 921 3278 est‚babita
936 3217 1050 3271 lortuna.
1061 3219 1093 3272 Et
1096 3222 1155 3289 fors
1187 3280 1189 3288 Ι

94 3297 206 3366 obvierit
222 3301 265 3354 ml
284 3300 410 3361 ταπεινός.
435 3327 471 3338 -
493 3299 593 3365 Magni,
638 3296 742 3360 tummim
751 3296 853 3348 incerto
862 3298 1155 3364 tsorssortann,inb0no

94 3375 149 3429 elati
168 3379 200 3430 ln
222 3395 284 3431 eam
301 3389 391 3432 antem
404 3375 594 3448 cogitationem
637 3375 948 3446 ponitur.Virg.IX,4r:
965 3377 1077 3451 «Siqua
1090 3380 1154 3433 inte

95 3454 173 3510 incidit
192 3457 255 3519 hic,
278 3475 309 3508 ex
322 3455 483 3528 Myrrhina,
497 3455 593 3508 nobilia
638 3456 744 3509 fortuna
761 3456 870 3520 fuisset,
881 3479 893 3502 ι
913 3468 941 3509 et
960 3457 1034 3529 ipae:
1052 3461 1153 3513 «olore

94 3547 220 3600 naboon,
239 3533 389 3588 miseranda
407 3536 511 3607 specie,
532 3553 592 3606 quan
637 3536 754 3588 fortuna.
767 3561 777 3584 ι
789 3537 1153 3594 Don.—Caeterun1aubbao

93 3612 282 3686 dignitatium
292 3615 373 3668 oblita
381 3655 388 3681 ,
396 3615 432 3668 ad
443 3614 525 3687 pedes
538 3617 595 3688 ejus
637 3629 751 3688 utraque
762 3615 978 3670 denominatione
991 3617 1041 3670 dea
1058 3620 1153 3672 Roma-

94 3773 168 3827 lonan
181 3775 377 3846 intelligeretur
393 3772 427 3827 de
440 3793 468 3828 ae
486 3775 544 3846 ipso
560 3774 597 3826 lo·
640 3775 714 3846 plum
726 3785 799 3827 trans
811 3775 928 3828 Tiberim
940 3775 1056 3830 babebat
1066 3817 1074 3842 ‚
1085 3779 1153 3832 cole·

93 3853 129 3921 qni
134 3857 267 3926 juvenem.
275 3853 341 3907 -Me
348 3854 506 3926 quipercr'tns
512 3871 596 3916 eram,
640 3855 772 3926 baturque
782 3855 816 3906 ab
828 3854 859 3908 iia
869 3856 915 3926 qui
925 3855 983 3908 eine
996 3869 1052 3909 arte
1063 3859 1153 3929 eliqua

93 3952 122 3982 m
131 3935 227 4000 subito,
240 3934 465 3996 miserescentem,
475 3937 596 3994 hrcnnlem,
639 3934 722 3988 vitam
737 3933 894 4000 tolerabant,
904 3945 930 3986 et
940 3921 1000 3987 iileo
1010 3926 1043 3987 ab
1057 3955 1085 3988 ea
1097 3955 1154 3988 om·

92 4013 216 4081 placidum
226 4013 371 4067 reddidit.»
637 4015 683 4066 nia
695 4027 844 4086 exspectare
857 4013 998 4067 malebant.

121 4091 174 4146 3⁸1.
185 4095 322 4162 Princr’pr'o.
330 4093 370 4144 ΑΙ.
385 4114 402 4144 a
411 4096 491 4161 princ.
504 4100 594 4146 -1n·
674 4095 736 4158 387.
750 4101 799 4147 Per
809 4113 882 4158 eom,
897 4094 953 4146 soil.
965 4095 1106 4146 fortunam.
1119 4123 1150 4134 -

93 4173 148 4225 stitit.
160 4175 225 4226 Var.
235 4194 280 4246 ap.
290 4173 356 4226 We.
366 4176 478 4241 institnit,
487 4176 593 4226 instruit.
640 4177 667 4225 Si
672 4177 723 4244 jns,
737 4173 771 4226 atl
782 4174 932 4226 humanum
941 4176 984 4245 jus
993 4173 1152 4244 pertinet.-

122 4253 174 4306 lbr,
189 4259 306 4308 ceruam.
323 4252 369 4306 His
383 4265 489 4326 partum
503 4253 597 4306 innuit.
641 4257 737 4322 Silas,
751 4251 786 4306 ad
800 4251 928 4307 divinum.

21 2053 23 2122 l

21 2987 24 3038 l

21 3443 23 3486 l

21 3599 24 3780 l
93 3711 115 3745 ae
129 3697 266 3769 abjecerat.
286 3699 392 3748 Gasanb.
403 3693 509 3748 -Non
526 3695 596 3748 male
640 3696 681 3748 nia
692 3694 825 3749 interdum
840 3697 993 3768 putabatur,
1014 3718 1074 3770 qun
1086 3713 1152 3752 tem·

21 3809 23 3844 ι
