3120 5178
390 505 440 588 [20
628 499 800 570 PUBLII
826 497 1070 570 TERENTII
1096 499 1216 568 AFRI

387 636 462 726 Ego
479 627 688 726 vapulando,
704 629 758 700 ille
776 631 1000 712 verberando,
1022 655 1125 726 usque
1145 631 1244 700 ambo
1264 631 1383 701 defessi
1397 618 1459 702 ¹su-

546 762 631 806 mus.

389 846 469 914 Sia.
480 845 557 941 ,Tua
578 842 685 937 culpa.
702 843 758 912 Sa.
777 843 867 932 Quid
887 841 1050 914 facerem?
1067 845 1147 913 Sin.
1163 842 1373 914 Adolescenti
1391 869 1462 940 mo-

546 973 618 1017 rem
641 963 770 1045 gestum
792 951 948 1044 oportuit
1418 978 1461 1018 ,ιε

387 1058 445 1125 Ss.
468 1052 537 1143 Qui
558 1056 653 1150 potui
673 1053 808 1143 melius,
825 1058 882 1152 qui
903 1055 1002 1126 hodie
1022 1080 1126 1150 usque
1148 1081 1185 1126 os
1203 1054 1353 1150 praebui?
1374 1057 1459 1125 San.

548 1163 639 1256 Age,
658 1163 721 1231 scis
740 1161 819 1256 quid
837 1160 975 1257 loquar?

390 1269 567 1336 Pecuniam
589 1267 624 1334 in
649 1265 723 1338 loeo
744 1267 931 1363 negligere,
948 1267 1327 1370 maxumum-interdum
1343 1253 1383 1337 'st
1403 1266 1461 1335 lu-

551 1397 655 1442 crum.
676 1375 733 1443 Ss.
752 1369 835 1443 Hui!

390 1479 470 1548 Sin.
487 1480 634 1548 Metuisti
646 1533 655 1567 ,
669 1482 697 1549 si
712 1505 803 1550 nunc
818 1479 861 1549 de
873 1495 932 1550 tuo
942 1481 1017 1574 jure
1034 1480 1250 1549 concessisses
1267 1476 1460 1573 paululum,

551 1609 570 1654 a
608 1609 649 1654 ue

390 1597 607 1761 Adolescenli
613 1716 700 1761 esses
713 1693 948 1787 morigeratus,
960 1691 1134 1761 hominum
1146 1691 1248 1761 homo
1260 1689 1462 1779 stultissime,

390 1795 443 1866 Ne
466 1822 534 1868 non
553 1797 613 1866 tibi
637 1800 721 1868 istuc
741 1797 925 1869 foeneraret.
951 1799 1007 1868 Ss.
1044 1800 1117 1892 Ego
1140 1821 1233 1892 spem
1256 1798 1362 1892 pretio
1391 1821 1462 1868 non

552 1927 638 1973 cmc.

391 2098 480 2139 temen
490 2085 683 2158 gladiatorum,
696 2087 743 2158 qui
756 2088 905 2159 comparari
948 2085 1086 2151 scribunt,
1102 2083 1149 2138 sed
1163 2085 1211 2139 lib.
1227 2085 1308 2157 antiq.
1324 2086 1463 2140 Ssnnioni.

393 2165 504 2236 proprie
517 2161 682 2219 dicebsntnr.
695 2166 779 2218 West.
948 2196 989 2208 -
1008 2166 1098 2218 Pecus.
1112 2169 1138 2217 iu
1149 2165 1200 2217 loeo
1214 2165 1304 2236 neglig.
1324 2177 1374 2218 etc.
1389 2167 1466 2218 Bene

435 2251 501 2307 art.
513 2245 577 2299 Post
589 2265 661 2316 usque
672 2243 814 2316 distinguit
823 2247 904 2299 Zenm
950 2243 1071 2300 additum
1086 2257 1140 2308 est,
1154 2247 1179 2296 in
1193 2245 1260 2312 loeo,
1277 2256 1304 2297 et
1323 2245 1463 2307 interdictu

396 2324 485 2377 verder.
499 2344 583 2397 usque,
600 2325 678 2378 ambo.
694 2354 736 2365 —
750 2327 810 2396 Ego
822 2345 905 2396 oopu-
951 2344 1008 2377 non
1030 2323 1103 2376 enirn
1126 2341 1239 2395 semper.
1259 2323 1326 2376 Vult
1349 2323 1463 2390 dicere,

394 2403 482 2466 hedo,
498 2403 538 2456 ttte
549 2404 906 2469 uerberaudo‚etc.1temiu-
950 2415 1103 2475 opportuno
1113 2402 1172 2455 loco
1184 2416 1210 2455 et
1219 2415 1348 2473 tempore.
1363 2403 1465 2457 Similis

393 2483 535 2536 venalem.
544 2485 600 2549 111,
621 2487 692 2552 ²89:
712 2483 761 2536 -Si
779 2483 838 2536 rixa
852 2497 906 2549 est,
918 2492 920 2500 “
949 2482 1085 2546 sententis,
1095 2483 1182 2535 Plaut.
1190 2484 1267 2554 Cspt.
1276 2495 1326 2536 act.
1336 2483 1416 2548 II,sc.
1426 2501 1463 2537 rr:

393 2563 441 2615 ubi
455 2575 483 2615 tu
494 2563 581 2634 pulsas
590 2603 599 2630 ,
609 2582 654 2633 ego
664 2564 756 2632 vapulo
768 2575 879 2616 tantum.
890 2588 903 2610 ι
954 2589 965 2610 ι
980 2563 1108 2614 Estetiam
1120 2561 1161 2614 ubi
1170 2559 1299 2615 damnum
1311 2576 1418 2634 praestet
1427 2564 1464 2616 fs-

394 2643 611 2714 Perl.—Usque,
625 2642 686 2708 diu,
701 2642 826 2696 multum.
950 2659 1011 2694 cere
1024 2659 1103 2713 qnam
1116 2641 1232 2694 lucrum.
1247 2667 1258 2689 ι
1274 2642 1333 2694 Lis.
1348 2643 1391 2702 ΙΙ,
1408 2649 1462 2714 47ε

438 2720 503 2775 ssi.
513 2721 593 2775 Lind.
601 2723 666 2780 We.
684 2722 717 2776 al.
733 2721 776 2774 ed.
794 2723 828 2793 Q.
850 2741 907 2793 oge-
953 2747 965 2769 ι
980 2723 1109 2793 Spretnin
1121 2732 1222 2791 tempore
1234 2721 1332 2792 gloria,
1343 2723 1464 2774 interdum

395 2819 454 2854 rem.
476 2831 517 2842 -
543 2803 598 2855 Tua
619 2803 698 2872 culpa.
721 2801 785 2855 Sub.
811 2814 862 2867 est,
884 2802 906 2856 si
949 2801 1110 2854 cumulatior
1132 2798 1213 2853 redit.
1230 2825 1241 2848 ι
1257 2801 1323 2854 Hor.
1342 2799 1396 2854 Od.
1409 2802 1463 2866 lv,

393 2880 587 2934 nominativum
597 2901 606 2948 3
616 2879 714 2946 sactum
728 2893 781 2945 est,
798 2882 819 2933 si
834 2882 905 2934 abla-
954 2887 1010 2943 ast
1020 2898 1027 2933 ι
1039 2880 1199 2946 ι.1)υ1οο,οιῑ
1208 2877 1327 2951 desipere
1336 2884 1362 2932 in
1373 2883 1434 2934 loco.
1448 2907 1459 2928 ι

394 2959 480 3012 tivum
508 2959 654 3014 admiseris.
679 2989 719 3002 -
741 2959 905 3014 Adolescenti.
949 2959 1021 3012 Perl.
1060 2958 1186 3012 Menaud.
1213 2959 1345 3014 sunteas
1376 2963 1403 3014 οὔ
1433 2961 1462 3013 ri

395 3037 500 3092 Scilicet
519 3059 600 3111 quem
615 3040 719 3094 facilius
731 3041 906 3094 assentatione
951 3034 1037 3110 eipdoe
1053 3041 1076 3092 tv
1085 3041 1150 3116 grisei
1165 3041 1276 3092 σκοπεῖν.

395 3135 490 3188 capere
500 3120 638 3190 potuisses.
997 3119 1060 3170 218.
1087 3117 1127 3169 De
1152 3129 1193 3170 tuo
1217 3121 1274 3189 jure
1296 3121 1457 3173 commines.

438 3201 505 3251 216.
515 3200 559 3251 Sa.
577 3197 633 3268 Qui
641 3201 712 3270 potui
727 3199 829 3265 melius,
848 3201 906 3269 qui,
950 3197 1109 3250 Remisisses.
1120 3197 1185 3268 Snp.
1197 3204 1270 3267 ¹9⁴2
1283 3199 1339 3250 nolo
1351 3200 1461 3254 undere.

395 3290 446 3330 etc.
460 3277 535 3331 Junt.
551 3279 611 3351 quid
621 3290 673 3348 pot.
690 3279 906 3350 meliustruqueos
992 3295 1055 3328 nso.
1071 3278 1111 3332 Ne
1126 3295 1173 3328 nors
1183 3278 1323 3343 sterterent.
1342 3279 1384 3330 Ne
1399 3299 1456 3332 non

392 3357 497 3425 praebui.
516 3356 634 3428 legend.
650 3371 741 3412 monet
761 3358 848 3412 bentl.
865 3359 907 3430 qui
950 3374 1011 3409 curn
1025 3356 1124 3427 ingenti
1138 3357 1237 3409 loenore
1252 3370 1405 3428 reponeret.
1420 3389 1461 3400 -

396 3436 451 3488 ted.
474 3439 498 3488 ei
519 3456 571 3510 usq.
594 3458 630 3490 os.
655 3431 695 3490 tia
718 3450 745 3491 et
766 3439 843 3490 Both.
866 3465 908 3478 -
951 3436 1070 3500 temam.
1080 3455 1103 3488 e.
1111 3435 1347 3508 paululum,qu0d
1359 3450 1463 3492 tucon-

398 3505 455 3584 Quf
471 3520 543 3587 potui
562 3519 652 3570 meliro.
676 3517 784 3570 Scilicet
804 3533 907 3568 morem
951 3517 1179 3585 cessisses—Ego
1187 3535 1251 3588 spem
1257 3520 1337 3588 pretio
1344 3537 1393 3568 non
1403 3537 1463 3572 ento.

395 3612 495 3665 gerere.
507 3627 547 3637 —
559 3596 596 3650 Os
606 3597 716 3668 prebui,
732 3595 835 3650 assidue
841 3607 907 3666 per·
952 3595 1009 3665 Ego
1029 3613 1102 3665 spem
1120 3596 1187 3648 lucri
1211 3596 1325 3668 pecunia
1340 3599 1465 3667 presenti

396 3673 676 3747 cudendum—Age,
685 3668 908 3748 seuquidloquart'
950 3675 1063 3728 minime
1072 3689 1216 3728 commuto.
1229 3676 1290 3728 Non
1299 3695 1400 3728 novum
1411 3692 1465 3744 est,

395 3753 447 3806 Le.
460 3753 525 3828 quid
537 3756 617 3809 velim
628 3754 734 3809 dicere?
748 3755 907 3808 Pronuntia·
951 3753 1031 3806 etiam
1040 3773 1103 3825 spem
1111 3753 1222 3808 vendier
1234 3760 1281 3807 emi
1289 3767 1361 3808 recte
1372 3775 1460 3828 posse.

300 3829 321 3858 ⁸
395 3833 468 3885 tione
483 3834 617 3889 blandiori
631 3848 658 3889 et
675 3835 797 3889 familisri
818 3835 906 3905 expri·
950 3833 984 3887 L.
1004 3833 1039 3905 73
1056 3833 1091 3887 sd
1104 3835 1135 3889 L.
1151 3833 1254 3888 Falcid.
1270 3835 1360 3888 Veluti
1378 3855 1465 3907 quum

395 3911 492 3965 menda
511 3928 551 3969 est
570 3916 667 3968 horum
683 3915 827 3968 verborum
848 3931 907 3966 sen·
952 3913 1011 3984 quis
1030 3916 1129 3984 jactum
1153 3913 1240 3979 retis,
1257 3925 1304 3967 ant
1327 3927 1466 3986 capturam

395 3993 486 4046 tentia.
501 3994 539 4048 Ut
556 3993 686 4053 subinde,
710 4001 785 4057 nst:
804 4019 815 4041 ι
833 3994 903 4064 Age,
950 3991 1041 4046 svium
1060 3993 1103 4046 vel
1128 3993 1269 4058 ferarum,
1289 4005 1334 4046 aut
1361 3995 1467 4048 lustros

394 4071 458 4125 novi
474 4083 550 4128 tuum
566 4075 695 4127 animum.
708 4099 718 4121 ι
951 4085 1059 4143 pertus,
1083 4073 1196 4128 loetusve
1219 4074 1345 4128 arboreos
1362 4074 1466 4146 praesti-

437 4169 501 4222 ιη.
518 4153 598 4208 Multi
608 4154 671 4208 libb.
684 4157 711 4206 τὸ
726 4154 769 4204 1ιαὶ
781 4151 850 4224 Syro
860 4149 907 4204 ad·
953 4165 1007 4206 nat.
1021 4152 1092 4205 Lind.
