3026 5184
376 520 447 592 236
609 525 788 594 PUBLlI
813 527 1064 597 TERENTII
1090 530 1209 599 AFRI

377 658 477 726 Nunc
493 656 573 750 quid
591 655 707 745 velim,
725 660 870 728 animum
886 661 1068 730 attendite:
1086 677 1230 756 apporto
1246 687 1365 734 novam

377 763 697 857 Epidicazomenon,
712 789 811 859 quum
830 781 954 836 vocant
974 768 1169 837 comoediam
1412 787 1433 824 ²⁵
1487 810 1490 818 ·

377 871 511 954 Graece5
526 869 625 939 latine
646 870 701 940 hic
717 871 954 941 Phormionem
973 876 1140 944 nominat:

377 977 465 1064 Quia
484 979 607 1069 primas
625 991 735 1071 partes
751 980 808 1071 qui
826 993 920 1073 aget,
934 982 962 1050 is
978 982 1040 1048 erit
1057 978 1215 1049 Phormio

310 1089 314 1100 '
375 1069 557 1170 Parasitus,
578 1108 754 1177 perquem
772 1108 824 1154 res
845 1074 979 1180 geretur
1002 1095 1166 1156 maxume.

374 1187 539 1258 Voluntas
559 1204 671 1258 vostra
691 1192 717 1258 si
739 1191 781 1258 ad
802 1205 934 1284 poetam
958 1194 1148 1276 accesserit,

373 1296 462 1362 Date
480 1320 637 1389 operam,
655 1296 766 1364 adeste
784 1321 879 1391 aequo
895 1301 1005 1367 animo
1022 1324 1082 1393 per
1100 1297 1286 1384 silentium3
1415 1313 1439 1350 ³⁰

373 1402 434 1504 Ne,
446 1400 541 1470 simili
561 1417 695 1472 utamur
710 1403 865 1488 fortuna,
883 1419 982 1498 atque
1002 1406 1053 1476 usi
1072 1429 1201 1488 sumus,

369 1602 882 1673 essepraedicantdicentis,«Quoniam
927 1629 998 1678 pesce
1031 1606 1167 1678 Antipho,
1191 1607 1255 1679 quia
1285 1605 1330 1659 illi·
1354 1607 1439 1658 lictant

371 1682 416 1733 ille
434 1701 488 1734 non
507 1682 603 1736 desinit
621 1684 687 1738 mihi
704 1685 881 1749 maledicere,
926 1685 1000 1738 litem
1023 1685 1137 1740 intendit
1160 1685 1303 1748 Phormio,
1331 1697 1362 1738 at
1379 1704 1437 1739 oum

372 1779 421 1832 ego
441 1761 558 1816 desinam
581 1763 605 1816 ei
623 1763 810 1817 maledicere.»
822 1765 882 1830 Qua
926 1775 1001 1835 cogat
1010 1765 1141 1819 Phanium
1150 1783 1260 1819 uxorem
1271 1763 1381 1818 ducere.
1389 1765 1440 1816 Aut

370 1851 458 1892 tamen
470 1842 597 1894 sententia
611 1841 706 1914 opinor
725 1844 791 1896 nihil
810 1845 883 1897 hono
927 1843 949 1898 si
963 1861 1077 1914 grecum
1098 1843 1165 1896 illud
1180 1844 1342 1898 vocabulum
1362 1842 1441 1895 Phor·

370 1917 524 1973 Christiano
532 1920 647 1992 dignius.
659 1923 828 1994 Improbsbis'
836 1941 882 1975 au·
926 1921 1009 1974 mioni
1022 1921 1214 1994 adscripseris,
1233 1923 1255 1976 is
1269 1923 1318 1976 erit
1337 1923 1385 1975 ille
1396 1921 1440 1994 qui

371 2007 425 2050 tem
438 1999 505 2052 illud
517 2021 584 2063 non,
596 2001 619 2053 si
630 2041 637 2063 ,
647 2001 720 2074 quod
736 2021 813 2074 supra
828 2015 881 2066 est,
924 2003 984 2074 jure
1002 2001 1101 2072 aliquid
1119 2002 1222 2054 obtinet
1238 2002 1288 2073 ipsi
1306 1999 1441 2074 adjudica·

368 2080 521 2149 respexeris,
530 2080 668 2134 -adlstum
678 2094 726 2144 est,
734 2082 881 2144 relatumn;
927 2093 1000 2147 tum;
1014 2079 1162 2134 secundum
1176 2099 1237 2134 eum
1250 2097 1348 2152 nempe
1361 2082 1442 2133 fertur

370 2158 530 2230 improbabit
543 2161 621 2214 etiam
634 2180 665 2214 ex
679 2160 762 2214 Andr.
776 2161 880 2231 Prolog.
928 2160 1068 2212 sententia.

372 2255 422 2301 ss,
436 2239 485 2302 23,
503 2239 551 2291 ubi
564 2238 685 2292 similiter
694 2239 775 2294 Poeta
788 2239 882 2292 adver·
965 2241 1007 2291 26.
1021 2243 1066 2292 Gr.
1083 2243 1130 2292 lot.
1141 2239 1222 2310 Vulg.
1238 2242 1334 2306 Groecr',
1351 2242 1440 2291 ιαιύιί.

371 2317 441 2370 sario
469 2319 604 2372 lacessenti
628 2337 676 2391 par
701 2320 759 2390 pari
783 2321 883 2372 referre
924 2319 979 2372 Sed
999 2319 1133 2374 vetustiss.
1154 2318 1239 2370 Bentl.
1258 2318 1327 2372 Cod.
1349 2337 1439 2388 grace,

371 2398 498 2450 minatur.
509 2403 572 2450 Psrl.
582 2427 615 2438 —
626 2404 708 2452 Dese.
723 2393 770 2472 λῳ
781 2403 881 2464 lausei,
926 2400 1011 2450 latias.
1030 2399 1117 2452 Recte.
1135 2399 1169 2448 At
1186 2415 1251 2449 vero
1269 2395 1388 2450 dubium
1401 2415 1440 2450 re·

368 2477 476 2548 propris
487 2477 624 2530 uoluntate
637 2490 662 2529 et
674 2489 755 2530 motu.
769 2477 882 2531 Verinnt
925 2487 986 2540 stat,
999 2495 1047 2529 cur
1057 2477 1138 2530 latine
1147 2479 1259 2528 Plomio
1267 2485 1281 2527 ι’
1290 2494 1377 2548 qaum
1389 2475 1442 2548 ipss

369 2565 494 2608 ceterum
508 2566 588 2628 super
605 2557 657 2609 hoc
676 2557 735 2609 loco
751 2575 842 2611 sensus
855 2568 880 2609 et
925 2575 977 2610 vox
996 2559 1108 2608 Phormio
1122 2573 1207 2628 greca
1219 2565 1266 2608 est.
1287 2555 1373 2621 Quod
1385 2556 1442 2628 qui-

367 2634 502 2690 lectiones.
928 2635 1004 2703 dem,
1021 2634 1204 2708 pretermissis
1217 2634 1294 2688 elior.
1307 2653 1442 2690 commen·

406 2722 454 2781 24,
468 2734 524 2788 seq.
536 2723 640 2784 Appono
652 2735 757 2778 nomn,
771 2716 883 2768 etc.To·
930 2715 962 2767 tis
983 2715 1020 2768 ita
1040 2712 1191 2786 explicand.
1208 2725 1338 2781 autumo,
1360 2727 1391 2768 nt
1413 2717 1443 2766 sit

371 2807 427 2848 turn
438 2794 506 2850 illud
519 2807 661 2848 construe:
676 2821 688 2841 ι
702 2797 822 2868 Apporto
835 2814 884 2847 no·
930 2793 1058 2850 comodis
1080 2795 1137 2848 hec
1155 2795 1250 2858 lotias,
1269 2793 1297 2846 h.
1319 2813 1343 2846 e.
1365 2794 1442 2846 latino

370 2893 432 2927 ram
442 2873 886 2946 comoediam,qnamvocsntgrsece
929 2886 1036 2928 auctore
1047 2873 1213 2946 compositu
1233 2874 1255 2925 si
1267 2871 1379 2945 quidem
1392 2891 1442 2927 sua

371 2951 885 3024 Epidicazomenon,etqusmhicuomi-
930 2955 1017 3026 quisq.
1037 2953 1191 3007 fabularum
1212 2951 1324 3024 scriptor
1346 2971 1442 3006 nomen

370 3043 416 3086 nat
430 3031 738 3085 latinel'hormiouem.»
928 3033 1021 3086 indere
1042 3031 1142 3085 solebat
1166 3029 1244 3102 ipse,
1263 3049 1317 3082 uon
1347 3035 1441 3095 aaa,

406 3113 449 3166 25.
462 3115 698 3179 Epidicazomenon.
715 3110 802 3163 Bentl.
817 3109 882 3163 edit.
928 3131 983 3166 non
1002 3115 1085 3164 uani
1101 3110 1233 3164 homines.
1258 3141 1293 3150 —-
1313 3115 1442 3163 Nominat.

370 3189 661 3262 Epidicazomeneu,ldq.
673 3209 706 3243 ex
716 3189 883 3242 Do.1senim
900 3233 905 3238 .
927 3195 959 3246 In
973 3195 991 3248 l.
1001 3193 1084 3266 antiq.
1097 3193 1220 3256 -Graeci‚
1233 3192 1320 3246 Latini
1330 3192 1441 3246 Phorm·

370 3271 403 3324 sd
421 3270 510 3324 locum
524 3269 557 3320 ita
571 3287 578 3320 ε
594 3267 643 3321 llic
657 3269 799 3322 manifesto
813 3280 883 3321 errat
926 3271 1093 3325 nominant..

369 3350 509 3404 Terentius
523 3369 530 3415 ς
551 3367 613 3400 nam
628 3348 683 3401 haec
698 3349 788 3404 subula
802 3365 881 3420 quam
965 3371 1006 3418 ²7·
1021 3355 1126 3404 Primos.
1135 3351 1193 3404 lloc
1202 3362 1259 3414 est,
1277 3351 1442 3423 potissimus,

372 3427 528 3492 transtulit,
560 3425 802 3499 Epidicazomene,
837 3445 884 3479 seu
928 3431 1073 3504 primarias.

373 3502 584 3580 Ἑπιδυιαζομὸνη,
602 3506 672 3558 dictu
691 3517 729 3559 est
747 3523 762 3557 a
780 3505 883 3577 puella,
965 3513 1007 3564 28.
1028 3515 1136 3564 Geretur.
1156 3509 1200 3564 Sic
1218 3507 1442 3562 rasceretur.

374 3593 409 3647 de
423 3609 474 3661 qua
484 3586 613 3661 judicium
627 3598 682 3639 est:
693 3604 776 3658 quum
790 3585 823 3637 sit
831 3586 883 3639 alia
928 3589 959 3643 C.
969 3591 1004 3643 G.
1017 3609 1053 3644 m.
1062 3601 1089 3643 et
1102 3590 1162 3642 Hal.
1171 3588 1203 3640 In
1215 3588 1297 3660 antiq.
1310 3602 1442 3656 agetur.-

306 3725 309 3732 ,
339 3721 344 3734 ,
370 3670 603 3744 Epidicazomenos
623 3665 704 3738 ejusd.
720 3666 884 3738 Apollodori.
928 3669 1095 3732 ltes,lshula.

370 3749 469 3807 Debuit
479 3765 542 3818 ergo
550 3745 638 3799 dicere
646 3745 885 3817 Epidicazomeneu
966 3767 1008 3817 ²9·
1026 3754 1162 3814 Voluntas,
1175 3747 1344 3818 benignitas,
1360 3748 1440 3800 favor.

373 3847 466 3905 grace.
485 3829 548 3892 Quo
564 3837 653 3877 tamen
668 3823 778 3877 crimine
790 3825 885 3878 erroris
928 3859 963 3870 -
983 3832 1026 3880 Ad
1045 3843 1144 3896 poetam
1166 3829 1307 3879 occesserit.
1335 3826 1440 3880 Poetam

373 3915 492 3965 Donatus
502 3903 657 3957 Terentium
671 3917 760 3974 gruum
769 3942 776 3965 ‚
785 3903 837 3957 hoc
847 3903 884 3957 id.
931 3908 1082 3978 protexerit.

374 3993 421 4044 Be.
434 4008 451 4043 ι
470 3988 549 4039 Poeta
570 3981 604 4035 ad
624 3982 707 4051 ipsius
721 3982 886 4036 criminantis
966 3987 1007 4040 30.
1026 3991 1089 4037 Date
1109 4005 1216 4054 operam.
1239 3983 1339 4038 Sedulo
1358 3994 1440 4036 atten-

374 4067 612 4137 rnendosum‚quo
623 4063 646 4115 is
658 4082 721 4115 usus
732 4063 782 4128 sit,
801 4075 884 4116 retor·
930 4063 992 4119 dite.
1012 4093 1045 4103 -
1066 4073 1114 4118 Per
1138 4068 1268 4117 silentium.
1293 4065 1381 4116 Fauor
1403 4075 1440 4115 est

373 4161 436 4222 quet
447 4143 590 4214 exemplar.
603 4173 638 4183 -
651 4145 881 4210 Epidicazomenon.
929 4164 1024 4216 nempe
1037 4147 1063 4196 in
1077 4143 1204 4198 cornoedia
1218 4142 1363 4196 silentium.

373 4229 415 4282 Ab
434 4223 596 4299 Apollodoro
613 4233 724 4276 vocatur
742 4221 883 4288 intdtutls'·
965 4227 1006 4280 31.
1022 4229 1138 4278 Fortium.
1159 4225 1198 4279 Ne
1218 4224 1346 4295 populum
1368 4218 1441 4274 ltede·
