3026 5184
359 514 431 586 186
579 516 764 585 PUBLII
791 513 1048 584 TERENTII
1076 513 1198 583 AFRI

356 650 444 716 Cum
466 671 507 715 eo
527 648 617 734 viro,
639 671 693 719 me
711 647 767 741 qui
789 648 831 716 sit
848 645 1068 715 fortunatior:

355 752 635 848 Quandoquidem
655 752 745 823 illam
767 777 787 823 a
809 777 863 822 me
885 751 1039 822 distrahit
1058 751 1246 822 necessitas.

355 862 417 929 ΡΗ.
436 859 510 928 Tibi
527 862 562 927 in
577 883 680 930 manu
694 875 761 948 est,
777 887 821 930 ne
837 860 904 929 fiat.
920 863 984 929 Ls.
997 861 1031 928 Si
1053 883 1152 928 sanus
1167 861 1247 946 sies,

355 970 373 1034 J
377 967 441 1034 ube
458 965 546 1036 illurn
567 966 683 1036 redire.
700 969 793 1038 Pam.
808 969 887 1038 Non
905 982 956 1037 est
975 965 1168 1052 consilium,
1187 979 1293 1062 pater.

359 1074 478 1142 Matris
493 1074 625 1143 servibo
641 1075 837 1144 commodis.
854 1077 918 1144 Ls.
934 1075 1013 1163 Quo
1027 1072 1121 1142 abis?
1136 1097 1254 1160 mane,
1390 1089 1430 1139 ⁴⁹⁵

357 1181 479 1264 Mane,
496 1182 653 1274 inquam:
673 1202 740 1276 quo
758 1179 853 1250 abis?
868 1182 929 1250 Pu.
945 1181 1030 1269 Quae
1042 1181 1114 1250 baec
1125 1193 1176 1250 est
1189 1175 1392 1276 pertinacia!

355 1289 419 1355 Ls.
432 1287 555 1376 Dixin’,
568 1287 748 1383 Phidippe‚
767 1290 855 1360 hanc
867 1311 937 1356 rem
953 1311 1039 1382 aegre
1053 1285 1199 1356 laturum
1213 1311 1287 1358 esse
1299 1284 1406 1356 eum?

355 1392 583 1480 Quamobrem
603 1409 636 1463 te
657 1395 814 1483 orabam,
837 1393 938 1464 filiam
960 1413 999 1462 ut
1016 1395 1210 1465 remitteres.

354 1500 417 1566 Pu.
432 1501 510 1569 Non
524 1500 648 1570 credidi
662 1501 789 1597 aedepol
803 1501 887 1572 adeo
899 1501 1119 1572 inhumanum
1136 1501 1218 1570 lore.

355 1606 408 1673 Ita
423 1631 513 1676 nunc
535 1608 561 1676 is
584 1609 716 1677 sibime
739 1607 1001 1704 supplicaturum
1023 1606 1144 1702 putat?

357 1712 391 1779 Si
410 1726 479 1797 est,
496 1727 534 1781 ut
554 1713 634 1783 velit
655 1714 814 1784 reducere
834 1739 989 1798 uxorem,
1010 1713 1107 1800 licet3

355 1819 414 1886 Sin
433 1817 496 1888 alio
515 1834 564 1889 est
586 1823 716 1906 animo,
737 1836 927 1892 renumeret
947 1820 1060 1891 dotem
1083 1820 1166 1908 buc,
1188 1813 1258 1890 eat!

354 1926 419 1993 La.
437 1929 524 1995 Ecce
543 1941 653 1996 autern
671 1943 709 1997 tu
726 1952 860 2022 quoque
876 1939 1031 2022 proterve
1049 1925 1229 1996 iracundus
1247 1951 1292 1994 es.

392 2195 452 2257 49¹·
468 2193 524 2241 Cum
538 2209 566 2242 eo
580 2194 647 2243 viro.
660 2191 721 2244 Non
732 2190 865 2253 invidere,
946 2188 1433 2260 497.1)iaer'n',Ptidippe.Dixerstenim

351 2269 408 2339 jam
422 2285 478 2320 nou
496 2281 534 2322 est
546 2271 644 2324 mariti.
658 2273 865 2340 -Mesorsmra-
909 2286 1005 2341 supra,
1026 2285 1095 2321 vers.
1124 2271 1192 2320 261:
1217 2285 1330 2338 «nque
1362 2266 1432 2318 :deu

353 2349 409 2399 tior.
425 2348 489 2400 Haec
501 2366 581 2403 versu
593 2369 647 2422 seq.
658 2349 829 2421 explicantur.
909 2365 953 2401 me
966 2348 1037 2400 claua
1048 2357 1086 2400 est
1094 2389 1102 2413 ‚
1110 2363 1257 2420 quameese
1268 2363 1333 2398 eum
1340 2347 1432 2417 grusi-

391 2431 451 2494 lps.
467 2431 594 2480 Distratie.
608 2427 676 2482 Peri.
692 2430 762 2482 solus
777 2431 866 2480 dr'rtra·
910 2439 952 2481 ter
964 2427 1081 2480 laturum
1095 2425 1212 2480 credam.
1226 2449 1238 2472 ι

355 2509 412 2569 bot,
425 2505 519 2572 tacite,
534 2518 560 2560 et
577 2525 667 2561 errore
682 2506 867 2561 indubitanter
947 2507 1007 2575 498.
1019 2507 1105 2558 sitiam
1114 2517 1142 2556 ut
1151 2525 1211 2557 rem.
1225 2504 1286 2556 Lib.
1296 2515 1353 2557 sut.
1367 2505 1431 2558 coll.

354 2586 741 2660 typographico-Necessitas.
755 2585 867 2640 Excuss·
911 2601 939 2637 ut
941 2589 985 2657 fil.
996 2587 1084 2637 remitt.
1098 2613 1133 2626 --
1148 2588 1311 2651 Quamobrem
1325 2599 1367 2648 te,
1381 2596 1432 2638 etc.

356 2665 395 2717 tio
408 2665 436 2716 in
451 2665 604 2719 necessitate
622 2685 680 2738 quse
694 2677 733 2719 est
745 2665 865 2720 inexorn·
910 2665 976 2718 Fere
992 2684 1053 2718 curn
1071 2662 1173 2716 invidia
1183 2663 1284 2716 dictum
1299 2663 1433 2718 adversus

354 2741 426 2809 bilis,
435 2756 460 2796 et
470 2749 612 2808 necessitas,
621 2757 713 2816 partus
721 2745 776 2799 scil.
784 2763 866 2818 quum
911 2743 1088 2818 Phidippum,
1114 2753 1240 2816 tauquam
1272 2743 1301 2794 iu
1327 2743 1380 2794 illo
1398 2742 1432 2797 sit

354 2823 535 2877 necessitatem
555 2823 628 2877 domi
642 2824 755 2877 offendit
769 2845 776 2878 :
792 2827 865 2897 quod
910 2822 1017 2876 undere
1027 2833 1223 2896 purget‚etuon
1234 2836 1342 2874 recuset
1352 2821 1432 2875 Paus-

354 2921 384 2955 ex
398 2903 451 2956 alio
464 2906 520 2957 scil.
535 2905 646 2977 peperit.
657 2904 709 2959 Sed
720 2903 800 2958 modo
809 2907 867 2960 vult
910 2903 1024 2977 philum,
1036 2921 1119 2974 quum
1134 2902 1235 2955 Lscbes
1249 2900 1324 2955 dicet
1333 2902 1365 2954 id
1376 2921 1392 2955 u
1404 2921 1432 2956 se

353 2985 532 3050 pecessitatem
553 2985 643 3038 matris
661 2984 746 3038 videri
763 2986 867 3039 iracun·
909 2983 1067 3056 praedictum
1093 3001 1149 3038 esse
1170 3001 1271 3054 cupra,
1295 2999 1335 3034 vs.
1369 2987 1431 3036 261.

353 3059 441 3130 diem,
455 3067 734 3138 queanuruoll'ensa
743 3066 786 3122 sit.
798 3071 864 3118 Dor.
910 3063 951 3117 Cf.
983 3063 1031 3116 loc.
1061 3063 1133 3116 citat.
1162 3093 1198 3102 —
1225 3067 1257 3112 Ut
1278 3063 1432 3123 remitterer,

390 3143 451 3212 493.
464 3148 491 3196 Si
501 3165 582 3198 samu.
596 3145 634 3199 Al.
645 3147 715 3198 satis.
725 3177 760 3188 -
774 3147 829 3196 Tibi
838 3145 864 3196 in
908 3159 988 3216 supp.
1002 3142 1036 3195 sd
1049 3151 1257 3214 uos,autequsm
1267 3139 1431 3212 Pamphilus

354 3243 428 3274 manu
443 3239 493 3291 est,
511 3237 559 3278 etc.
575 3225 607 3277 In
621 3237 668 3279 tua
685 3235 812 3298 potestate
825 3235 865 3278 est
908 3219 1036 3274 rediisset.

352 3314 383 3356 ut
398 3323 452 3356 non
467 3303 617 3358 divellatur.
944 3294 1431 3370 499.Adeor'nh.seerbesdditadec,

390 3389 450 3452 494.
471 3389 529 3436 Non
546 3399 583 3436 est
594 3387 729 3437 consilium.
749 3385 810 3436 Non
827 3383 865 3435 sic
908 3381 969 3453 quia
985 3382 1077 3432 iratus.
1087 3383 1201 3441 -Ιυνο,
1213 3378 1330 3450 supple,
1345 3393 1430 3451 gene·

353 3481 413 3516 mea
423 3475 471 3516 stat
480 3464 616 3517 sententia.
915 3475 975 3511 rum
989 3475 1088 3511 meum.

392 3549 451 3611 495.
476 3549 563 3595 Matris
585 3545 677 3595 servibo
698 3559 784 3592 comm.
806 3539 865 3593 Hoc
947 3543 1005 3591 500.
1024 3545 1074 3601 Ira,
1086 3555 1135 3610 pro
1149 3539 1227 3590 Itane.

354 3625 438 3678 verbo
451 3627 637 3688 necessitatem,
650 3639 719 3675 vers.
735 3629 799 3688 49²,
812 3639 865 3692 qua
946 3619 1007 3671 501.
1017 3621 1044 3667 si
1051 3619 1217 3680 σημανῶ.
1231 3614 1427 3687 Prosimplici‚

354 3713 465 3774 cogatur
478 3699 601 3753 ostendit.
620 3729 655 3738 -
675 3699 796 3767 eroabr's.
806 3694 868 3749 Abi·
910 3697 932 3746 si
942 3699 1012 3764 velia

353 3783 400 3838 bat
409 3781 508 3834 scilicet
512 3778 627 3852 juvenis,
637 3795 672 3830 ne
678 3777 788 3829 ulterius
798 3795 865 3848 prae·
946 3774 1006 3827 bos.
1015 3776 1057 3825 Sin
1068 3777 1214 3826 arroasiae.
1225 3772 1254 3826 si
1265 3773 1336 3826 nolit
1347 3775 1428 3828 ralu-

354 3872 427 3918 sente
439 3870 516 3931 patre
528 3859 670 3910 resisteret.
909 3871 978 3906 cere.
992 3883 1028 3894 -
1041 3859 1183 3905 denumerat
1194 3855 1276 3904 dotem
1289 3856 1351 3906 hue.
1363 3854 1430 3908 Τοπ-

388 3934 866 4006 496.eroelroecestpertr'nacia!Sicut
908 3949 996 3986 mrem
1021 3931 1090 3986 dotis
1115 3930 1267 4004 repetenda
1289 3933 1427 3996 ostendit3

354 4013 863 4088 socerumdecuitloquiturPhidippus;
908 4015 988 4067 simul
1008 4029 1068 4066 cum
1089 4013 1183 4085 injuria
1204 4016 1265 4075 buc,
1286 4013 1336 4064 nbi
1355 4031 1429 4065 nunc

354 4111 379 4152 rt
393 4093 611 4166 subindignatur,
625 4095 689 4165 quia
704 4113 794 4147 coram
814 4094 864 4147 sibi
908 4111 983 4146 sum:
1005 4106 1030 4146 et
1045 4092 1172 4145 iracunde
1190 4105 1241 4155 eat,
1262 4091 1361 4144 valeat.

354 4179 383 4233 lit
398 4173 566 4231 contumelia.
582 4179 644 4224 Dor.
948 4173 1008 4224 503.
1025 4177 1058 4224 Tu
1076 4192 1150 4240 quoq.
1163 4169 1258 4224 eodem
1275 4170 1429 4242 modoque
