3016 5182
287 512 853 601 incantatorum.
881 515 947 582 rx.
1073 495 1144 601 sis
1248 529 1265 560 =

1 671 2 726 ς
110 647 307 739 Quamobrem
329 659 368 714 te·
383 669 462 733 oro,
479 660 517 714 ut
532 643 595 714 aiia
616 645 674 715 tua
695 662 773 716 suut
789 646 894 736 facta,
919 669 1014 742 aequo
1031 648 1142 718 animo

241 766 272 822 et
288 752 355 822 hoc
377 751 493 820 feras.'
1103 773 1105 778 ·

1 871 2 874 ’
110 863 144 932 N.
160 855 254 949 Quid!
277 883 340 954 ego
357 883 453 952 aequo
473 854 600 928 animo!
629 859 728 954 cupio
746 859 865 930 misera
883 861 917 929 in
935 860 999 930 hac
1021 884 1057 930 re
1073 861 1142 954 jana

241 964 423 1059 defungier.

102 1073 156 1144 Sed
170 1069 388 1166 quisperant
409 1084 504 1140 aetate
524 1096 625 1165 porro
643 1072 752 1140 minus
771 1084 987 1166 peccaturum
1003 1075 1143 1168 putem?

1 1263 2 1278 ,
101 1183 162 1248 Jam
177 1193 242 1248 tum
256 1193 326 1246 erat
341 1201 457 1262 senex,
473 1191 623 1246 senectus
642 1179 669 1247 si
684 1177 889 1246 verecundos
909 1177 996 1247 facit

1 1285 2 1380 ]
103 1289 145 1355 An
174 1307 243 1354 ntea
268 1283 376 1353 forma
406 1297 506 1378 atque
527 1297 607 1352 aetas
638 1308 728 1353 nunc
753 1284 858 1379 magis
883 1284 1067 1379 expetenda
1081 1285 1144 1372 ’st,

1 1393 2 1418 ¹
240 1384 432 1484 Demipho?

1 1541 2 1576 3
103 1495 178 1587 Quid
196 1495 239 1564 mi
255 1497 311 1565 hic
332 1495 458 1582 adfers,
474 1495 690 1591 quamobrem
710 1509 915 1592 exspectem,
936 1510 993 1566 aut
1014 1524 1144 1594 sperem

241 1625 343 1698 porro
364 1627 433 1671 non
455 1601 554 1672 fore?

102 1713 176 1778 Pno.
204 1711 384 1802 Exsequias
412 1709 601 1795 Chremeti,
630 1709 751 1801 quibus
773 1721 824 1776 est
846 1709 1059 1779 commodum
1081 1713 1146 1797 ire,

240 1811 338 1885 henr!
363 1829 493 1909 tempus
512 1828 572 1884 est.
795 1827 802 1856 ¹
1096 1836 1146 1875 ,ωε

1114 1988 1127 2018 l

1 2059 2 2118 i
101 2063 169 2116 altera
179 2058 296 2115 Lemnia.
304 2091 340 2102 -
351 2063 374 2110 tt
387 2061 484 2126 medio,
495 2075 510 2111 e
520 2051 595 2111 rivis.
639 2073 688 2128 per
696 2055 935 2129 interrogationem,
941 2059 1077 2132 premisso
1085 2081 1146 2112 non.

99 2148 213 2210 -Serup
227 2141 312 2205 Quasi
322 2139 440 2192 dioerm:
457 2139 515 2192 hae
528 2136 598 2190 diih'·
638 2143 738 2189 -Joua
748 2153 766 2190 t.
777 2139 867 2203 Quum
880 2155 938 2192 eam
950 2140 1064 2210 primum
1074 2159 1147 2194 com·

99 2222 213 2274 cultatuua
232 2230 258 2272 et
272 2216 443 2271 dissidiorum
452 2215 564 2284 pocasio.
637 2217 742 2289 pressit.
748 2217 841 2270 Vetuit
852 2232 940 2272 autem
952 2217 1079 2289 pudicitia
1091 2237 1149 2272 mu·

131 2317 200 2367 ¹⁰¹9·
212 2303 246 2349 Et
256 2301 310 2350 hoe.
328 2298 358 2351 C.
374 2298 408 2351 G.
424 2315 461 2350 m.
480 2299 541 2347 tec.
555 2292 596 2346 At.
638 2295 709 2348 lieris
722 2297 865 2349 enuntiare.
884 2323 914 2334 -
931 2300 958 2348 Si
962 2336 970 2358 ,
988 2297 1147 2351 conditionis

99 2382 149 2440 ton·
159 2379 254 2432 omisso
263 2377 396 2448 utrimque
408 2381 597 2430 et.-1tiasunt
638 2374 782 2448 particula,
796 2374 847 2430 hoc
856 2395 951 2430 sensu:
963 2378 984 2431 si
999 2392 1089 2430 serum
1099 2388 1147 2442 est,

93 2462 165 2527 sacta.
178 2459 218 2512 Al.
229 2461 301 2522 sirete
314 2471 359 2508 tua
369 2471 435 2508 sant.
451 2486 486 2496 -
501 2461 533 2505 Ut
543 2456 596 2507 alia
638 2453 712 2527 quod
723 2467 845 2526 ponatur.
858 2459 924 2509 Peri.

99 2554 114 2589 t.
124 2543 229 2605 asceta.
237 2537 276 2590 Ut
287 2537 400 2607 henigne
410 2545 436 2588 et
444 2534 597 2588 humaniter
678 2536 753 2589 1023.
764 2541 805 2586 Art
818 2535 978 2602 meaforma,
993 2545 1042 2587 etc.
1051 2533 1148 2587 Sensus

98 2619 122 2670 in
133 2619 184 2671 aliis
195 2619 275 2671 rebus
286 2618 375 2671 facere
384 2615 596 2676 ecies—Ettoc,
639 2626 695 2666 esta
710 2613 907 2668 Provectiorem
920 2631 963 2665 me
972 2624 1047 2666 aetate
1063 2613 1148 2665 multo

1 2739 2 2774 ,
97 2697 166 2766 etiam
179 2698 248 2760 hoe,
261 2696 314 2748 hoe
324 2711 438 2767 quoque.
639 2695 722 2765 magis
734 2706 851 2766 spernet,
861 2694 907 2768 qui
914 2693 1003 2768 potuit
1011 2695 1075 2747 olim
1083 2711 1150 2766 prse-

1 2847 2 2850 ,
131 2771 594 2845 roso.Quidtssxciamatioindigna·
639 2771 837 2828 fenealienam.

1 2859 2 2930 ζ
97 2871 126 2911 te
145 2857 241 2911 uxoris.
261 2885 297 2896 -
315 2859 371 2922 Ego
391 2874 439 2922 aeq.
459 2874 502 2904 aa.
520 2869 596 2923 supp.
678 2861 754 2918 rost.
775 2859 820 2907 Hie
837 2857 890 2919 ads.
904 2853 994 2924 Vulgo
1008 2871 1081 2903 nune.
1092 2850 1149 2904 Nos

1 2937 2 2956 ³
95 2938 170 2990 seram
186 2940 237 2988 hoc
250 2935 257 2986 !
278 2963 315 2976 -
336 2937 412 3001 Cupio
425 2935 534 2993 inisero,
547 2942 596 2983 etc.
639 2933 670 2986 L.
682 2935 775 2987 Bemb.
788 2945 814 2986 et
821 2935 956 2986 Donatum
968 2932 1148 3002 sequimur.—

1 3007 2 3050 ἶ
94 3017 191 3090 Guyeto
210 3013 372 3068 assentimur
389 3024 448 3084 post
458 3005 597 3080 defungier,
640 3016 715 3079 Quid,
729 3029 806 3084 supp.
818 3012 937 3079 rationis,
949 3028 1042 3065 cause.

1 3135 2 3160 r
94 3095 255 3152 subaudieuti
264 3093 447 3156 Chremetem,
457 3104 483 3144 et
497 3089 597 3143 intelli·
678 3092 755 3146 toni.
773 3095 897 3144 Chremeti.
914 3091 981 3144 Sunt
998 3090 1044 3161 qui
1057 3090 1149 3158 legunt

1 3221 2 3238 ,
94 3177 171 3250 gimus
186 3193 249 3230 cum
267 3173 363 3247 gallico
381 3174 478 3244 interp.
498 3175 597 3222 Lemon-
642 3175 789 3234 Chremetis5
800 3178 826 3224 et
843 3189 876 3224 ex
893 3171 924 3224 iis
938 3171 1028 3226 West.
1041 3200 1075 3210 -
1086 3173 1147 3220 Eas.

1 3271 2 3328 ζ
93 3261 165 3309 ater:
186 3255 286 3326 -eupio
307 3253 432 3306 meritum
453 3269 543 3304 meum
569 3251 597 3303 in
642 3255 774 3314 Chremeti,
796 3262 846 3304 ete.
860 3249 965 3303 Scilicet
979 3247 1110 3301 exsultans
1123 3247 1150 3298 in

1 3333 3 3372 ἵ
92 3337 139 3391 hac
155 3355 185 3390 re
198 3335 292 3390 fecisse
302 3335 383 3387 finem
393 3329 550 3404 peccandi.»
566 3361 597 3371 -
641 3329 824 3402 indignatione
854 3327 973 3382 mulieris
1000 3327 1150 3399 parasitus,

1 3440 2 3477 t
92 3417 141 3470 atii
153 3416 289 3489 explicant
298 3413 373 3488 quasi
382 3410 547 3465 Nausistrata
556 3408 599 3462 de
641 3413 677 3467 ad
691 3421 849 3482 spectatores
860 3407 1036 3473 convertitur,
1062 3421 1151 3460 casum

1 3487 2 3567 J
91 3499 219 3568 fungatur.
232 3494 354 3565 Denique
367 3491 488 3545 Dacieria
501 3490 597 3543 vertit:
641 3490 792 3547 Chremetis
822 3488 910 3542 funeri
941 3497 1095 3557 comparat,
1127 3495 1153 3538 et

1 3581 2 3588 ’
91 3603 102 3623 ι
110 3581 136 3650 je
144 3595 215 3630 vcux
222 3592 331 3645 rompre
341 3591 403 3626 aveo
413 3570 450 3622 lui
460 3584 529 3642 pour
540 3581 600 3622 tou·
642 3589 792 3645 praeconem
803 3567 904 3620 funeris
914 3567 974 3638 agit.
984 3566 1147 3634 Bia—Hem,

89 3659 169 3729 joun.
181 3681 194 3701 .
206 3685 243 3696 -
257 3653 401 3722 Defitngier.
413 3648 527 3722 Defungi
537 3689 547 3721 2
555 3647 599 3700 de·
644 3665 663 3705 t.
677 3665 720 3704 est.
733 3650 844 3702 insultat
858 3661 992 3718 tamquam
1006 3649 1060 3719 jam
1076 3663 1149 3698 mor·

89 3725 203 3788 sineres
644 3739 706 3796 tuo,
722 3749 768 3782 seu
784 3727 818 3780 de
835 3745 888 3800 quo
904 3727 983 3798 plane
1002 3727 1090 3778 sotum
1109 3724 1151 3777 sit.
1248 3773 1254 3784 ,

126 3833 203 3870 1021.
219 3815 277 3882 Qut.
297 3811 340 3866 Sic
361 3809 422 3861 fdss.
447 3805 528 3860 Lind.
552 3823 600 3878 pro
644 3809 797 3863 Formulam
816 3807 887 3860 hanc
903 3807 1014 3860 observa
1027 3803 1152 3857 funerum

1 3923 2 3966 3
90 3899 162 3963 quid,
177 3894 252 3963 vulg.
270 3921 305 3933 -·
326 3893 416 3941 AEtate.
431 3887 486 3940 Alii
497 3886 602 3940 addunt
644 3889 851 3951 indicaveram
866 3885 1003 3958 inquibus
1019 3883 1075 3936 heo
1095 3901 1152 3937 ver·
1188 3927 1190 3930 .

1 3979 2 3994 ¹
89 3979 145 4028 liae.
158 3972 270 4037 -Qut‘,
287 3987 368 4040 qutun
381 3969 417 4020 ob
431 3983 547 4020 caumm.
567 3997 602 4006 -
644 3968 677 4020 ba
692 3965 819 4020 solemnia
837 3964 865 4016 in
883 3981 933 4015 usu
952 3975 1046 4024 erant,
1069 3979 1093 4013 a.
1112 3978 1155 4012 rr·

1 4047 2 4104 i
89 4061 197 4124 sperem,
207 4049 329 4104 seillam
339 4067 395 4102 esse
404 4046 602 4100 defuncturum.
645 4065 704 4101 aava
719 4063 803 4098 vrxtr.
815 4059 933 4096 nutrio.
949 4055 1093 4102 exsequias
1105 4057 1152 4092 tus

89 4165 123 4178 -
136 4140 340 4202 Porro,postea.
647 4145 692 4178 cvr
715 4139 871 4176 oormtonvst
893 4139 947 4172 asu.
970 4135 1030 4170 aaut
1050 4132 1156 4172 annuus

127 4231 207 4266 roas.
228 4209 314 4262 Effert
327 4208 402 4260 Beut.
413 4206 484 4260 hune
495 4223 601 4260 versum
646 4225 701 4259 aar.
713 4221 794 4258 omre
809 4217 954 4254 scamaros.
969 4203 1031 4249 Dan.

999 4299 1059 4364 aas*
