3120 5178
380 485 430 558 60
618 487 790 558 PUBLH
817 490 1057 561 TERENTII
1085 494 1203 564 AFRI

378 619 546 712 Experiar.
565 620 653 688 Gur.
673 620 764 709 Quid
774 620 883 691 istuc?
899 622 1040 707 accedo,
1053 639 1092 694 ut
1107 623 1224 694 melius
1239 624 1340 696 dicas.
1362 630 1439 700 Sos.

537 727 606 808 Tu,
624 741 784 819 quantum
799 741 911 822 potes,

376 829 457 918 Abi,
478 844 577 924 atque
595 833 736 925 Hegioni
757 848 901 928 cognato
920 833 1020 929 hujus
1039 860 1108 906 rem
1132 851 1285 908 enarratu
1306 863 1440 908 omnem

534 936 650 1006 ordine
669 964 677 1005 :

375 1041 462 1108 Nam
474 1042 501 1110 is
517 1057 631 1145 nostro
642 1044 767 1114 Simulo
780 1046 844 1116 ‘fuit
856 1071 1022 1133 summus,
1037 1063 1144 1119 ctnos
1158 1048 1260 1120 coluit
1271 1071 1437 1130 manume.

378 1148 465 1216 Gur.
483 1149 571 1217 Nam
589 1148 700 1219 hercle
719 1149 801 1221 alius
824 1176 921 1222 nemo
943 1154 1076 1248 respicit
1099 1158 1266 1226 nosses.
1291 1157 1441 1251 Propera

535 1269 587 1341 tu,
606 1281 679 1325 mea
700 1259 890 1346 Canthara,

359 1357 364 1379 ¹
378 1360 501 1446 Curre,
514 1361 725 1432 obstetricem
737 1389 884 1451 arcesse3
899 1380 953 1452 ut,
964 1391 1068 1460 quum
1079 1393 1163 1462 opus
1174 1369 1232 1455 sit,
1246 1392 1288 1436 ne
1299 1369 1333 1436 in
1345 1393 1441 1438 mora

537 1468 632 1537 nobis
650 1470 721 1538 siet.
1403 1495 1443 1535 ³⁵⁵

638 1643 865 1746 vSCENA
896 1646 1173 1742 TERTIA.

731 1833 900 1903 DEMEA.
924 1835 1080 1905 SYRUS.

374 1994 440 2061 Dr.
457 1983 617 2084 Disperii!
633 1987 870 2082 Ctesiphonem
887 1988 998 2057 audivi
1012 1987 1115 2058 filium
1179 2043 1199 2071 1,

279 2117 283 2130 ¹
374 2099 452 2168 Una
472 2096 614 2164 adfuisse
635 2095 670 2162 in
690 2096 841 2188 raptione
859 2119 937 2170 cum
959 2096 1125 2168 AEschino.

376 2261 452 2320 tium,
467 2266 516 2308 etc.
540 2255 665 2324 Stuprum
681 2270 736 2304 non
755 2251 885 2305 committi
927 2252 1032 2324 liquido
1053 2273 1130 2308 voces
1152 2251 1316 2318 audiuntur,
1336 2267 1363 2307 et
1378 2253 1442 2310 ideo

376 2333 697 2403 videbaturiueam,quoe
706 2330 885 2403 pudorispro·
927 2334 1081 2404 propiorem
1089 2333 1443 2388 dicentisesefecereGetam

376 2412 486 2466 sanandi
500 2431 577 2466 causa
594 2412 709 2484 pretium
728 2412 883 2482 accepisset,
927 2411 1069 2466 credimus.
1077 2445 1117 2456 -
1128 2415 1252 2482 Quantum
1260 2425 1347 2484 potes,
1358 2430 1442 2485 quem

377 2511 456 2546 suere
470 2504 514 2545 rut
529 2493 618 2545 mauis
636 2491 757 2563 pactione
771 2509 884 2546 consen·
928 2492 1053 2545 citissime
1063 2492 1172 2562 poteris.

376 2572 450 2627 serit.
464 2573 529 2625 Tele
538 2572 609 2625 euim
623 2567 722 2642 siquid
735 2571 833 2632 iactum
844 2589 884 2624 es·
970 2571 1036 2626 352.
1046 2571 1104 2624 Rem
1115 2584 1227 2625 enarrata
1241 2591 1305 2624 omn.
1322 2572 1377 2625 ord.
1387 2573 1442 2625 Pro

376 2665 430 2717 set,
444 2671 517 2726 spem
537 2651 570 2703 de
587 2664 682 2704 eventu
697 2649 750 2702 litis
762 2650 885 2703 imminui
928 2663 1040 2704 enarrata
1061 2653 1236 2718 stimmo,
1254 2652 1328 2705 etin
1349 2649 1443 2722 dispc-

375 2729 449 2785 hsud
481 2732 594 2784 obscure
624 2731 739 2784 Sostrata
774 2728 884 2800 iudicat.
928 2730 1018 2784 nendo
1029 2732 1140 2785 variant.
1153 2731 1233 2784 Both.
1249 2743 1443 2784 omnesomnes

377 2812 481 2865 Boecler.
928 2814 1019 2862 ordine.
1034 2839 1076 2860 -.
1096 2811 1207 2882 Cognato
1228 2811 1307 2880 liujus.
1329 2809 1363 2862 Id
1380 2822 1441 2874 est,

417 2890 485 2944 351.
505 2889 574 2960 Quid
588 2892 656 2944 istuc.
669 2889 702 2940 L.
718 2889 884 2942 Bemb.istic.
928 2903 1042 2960 cognato
1054 2891 1160 2960 puellas.
1248 2952 1252 2963 Ι

379 3000 419 3011 -
433 2969 467 3022 Ut
478 2971 560 3021 meliro
569 2969 644 3022 duas.
658 2970 690 3021 In
702 2987 757 3021 uno
766 2968 817 3021 Me.
827 2969 886 3020 Lei·
970 2969 1134 3030 353.Nostm
1143 2969 1363 3039 Sr'mulo.Conjugi
1370 2988 1441 3024 meo.

378 3047 452 3105 dens.
472 3050 539 3104 We.
558 3060 623 3102 teste
641 3067 701 3119 sup.
726 3048 818 3119 script.
845 3061 885 3101 est
928 3048 1256 3116 -iiomruusssubamicun
1268 3067 1318 3120 per
1326 3049 1442 3119 ellipsim

377 3128 884 3200 lianccausam.-Ecperiar.Actionem
929 3128 1043 3182 solitam.

376 3207 512 3263 intendam
523 3206 674 3278 injudicio.
685 3207 820 3261 SicCicer.
833 3226 883 3278 pro
970 3207 1036 3270 354.
1046 3210 1155 3278 Propera
1173 3209 1260 3261 trcfle.
1270 3206 1314 3262 ed.
1324 3227 1442 3278 propere,

376 3289 486 3353 Roscio,
503 3308 530 3358 9,
547 3287 684 3358 -experiri
697 3284 830 3359 judicio.»
844 3318 884 3328 -
928 3300 958 3340 ut
971 3285 1055 3341 Andr.
1072 3291 1140 3362 981.
1159 3319 1200 3330 -
1213 3287 1327 3358 Respicit.
1346 3285 1379 3338 Id
1393 3273 1443 3351 out,¹

379 3369 449 3437 Quid
460 3371 540 3419 istuc?
556 3367 658 3432 accedo,
672 3380 700 3418 ut
711 3366 793 3418 metius
806 3367 882 3420 dicas.
928 3365 1066 3437 providet,
1080 3366 1196 3422 consulit
1214 3366 1302 3419 uobis.
1323 3365 1442 3437 Respicit

375 3447 457 3500 Varie
470 3446 579 3518 capiunt
596 3465 701 3500 sensum
713 3447 884 3517 interpretes,
928 3465 991 3499 vero
1020 3447 1154 3518 potentior
1189 3445 1372 3498 humiliorem.
1400 3477 1441 3488 -

375 3540 401 3581 et
422 3546 515 3579 omnes
536 3540 624 3580 tamen
646 3526 813 3580 consentiunt
835 3543 884 3596 per
928 3526 991 3579 Post
1003 3527 1059 3580 haec
1075 3524 1210 3598 egreditur
1221 3543 1311 3580 servus
1325 3543 1340 3577 e
1352 3543 1441 3580 scene.

374 3606 432 3661 heac
445 3605 556 3660 indicari
568 3607 661 3659 Getam
677 3605 712 3659 de
725 3603 894 3677 proferenda¹
971 3605 1036 3660 355.
1057 3607 1137 3676 Quum
1152 3625 1211 3677 optes
1233 3607 1275 3657 sit.
1297 3603 1329 3658 C.
1351 3603 1387 3658 G.
1404 3624 1441 3658 m.

374 3705 404 3740 re
414 3705 566 3758 persuasum
578 3726 586 3752 ‚
597 3690 704 3739 tandem
718 3685 842 3738 accedere
850 3682 885 3736 ad
932 3685 1025 3738 colioc.
1043 3706 1082 3756 op.
1091 3705 1162 3757 quum
1170 3684 1291 3738 sit-Ut
1302 3686 1363 3736 neira
1373 3703 1441 3736 mora

376 3765 491 3818 domium
517 3766 681 3819 sententiam.
704 3766 759 3817 Nos
777 3776 886 3830 autem,
929 3762 1263 3818 siet.Animadvertendum
1275 3763 1442 3834 estut,quesi

372 3842 883 3906 uisinimisridiculevideaturdictum,
929 3863 978 3917 per
997 3845 1181 3917 pleonasmum
1200 3844 1254 3896 huc
1270 3841 1391 3909 intrudi,
1411 3862 1445 3924 ce

374 3923 507 3978 credimus
530 3925 587 3977 hec
609 3924 688 3978 verba
714 3921 831 3994 pendere
850 3941 884 3976 ex
930 3923 1088 3978 sufficiente.

376 4003 421 4068 etei
441 4003 552 4074 μιμήσει.
574 4003 687 4058 Sostrata
711 4002 811 4056 scilicet
829 4021 884 4056 sese
971 4005 1037 4075 357.
1050 4004 1176 4066 Adfuisse.
1199 4003 1231 4054 L.
1250 3993 1442 4060 Bemb.fu'sse.

374 4081 531 4140 effundente
544 4084 572 4136 in
583 4082 884 4153 lacrymos‚prresertim
929 4083 972 4138 Sic
991 4085 1052 4156 Bip.
1074 4083 1173 4154 Delpb.
1193 4115 1233 4125 -
1256 4083 1312 4136 Una
1325 4083 1445 4148 adficisse„

376 4178 458 4235 quum
481 4165 584 4233 aperiri
604 4161 739 4228 decrevit,
756 4163 811 4232 jem
828 4181 883 4215 nou
929 4165 988 4217 Sese
1001 4161 1103 4218 dedisse
1117 4163 1282 4233 participem.
