<?xml version="1.0" encoding="UTF-8"?>
<!DOCTYPE html PUBLIC "-//W3C//DTD XHTML 1.0 Transitional//EN"
    "http://www.w3.org/TR/xhtml1/DTD/xhtml1-transitional.dtd">
<html xmlns="http://www.w3.org/1999/xhtml" xml:lang="en" lang="en">
 <head>
  <title>
</title>
<meta http-equiv="Content-Type" content="text/html;charset=utf-8" />
  <meta name='ocr-system' content='tesseract 3.04.00' />
  <meta name='ocr-capabilities' content='ocr_page ocr_carea ocr_par ocr_line ocrx_word'/>
</head>
<body>
  <div class='ocr_page' id='page_1' title='image "./publiiterentiia00lemagoog/publiiterentiia00lemagoog_0043.png"; bbox 0 0 3120 5178; ppageno 0'>
   <div class='ocr_carea' id='block_1_1' title="bbox 341 555 1181 660">
    <p class='ocr_par' dir='ltr' id='par_1_1' title="bbox 341 555 1181 660">
     <span class='ocr_line' id='line_1_1' title="bbox 341 555 1181 660; baseline 0.013 -35"><span class='ocrx_word' id='word_1_1' title='bbox 341 555 572 626; x_wconf 79' lang='lat' dir='ltr'><strong>ADELPH.</strong></span> <span class='ocrx_word' id='word_1_2' title='bbox 600 558 708 627; x_wconf 82' lang='lat' dir='ltr'><strong>ACT.</strong></span> <span class='ocrx_word' id='word_1_3' title='bbox 735 559 796 646; x_wconf 88' lang='lat'><strong>11,</strong></span> <span class='ocrx_word' id='word_1_4' title='bbox 822 559 891 629; x_wconf 89' lang='lat' dir='ltr'><strong>SC.</strong></span> <span class='ocrx_word' id='word_1_5' title='bbox 921 561 948 628; x_wconf 82' lang='grc' dir='ltr'><strong>Ι.</strong></span> <span class='ocrx_word' id='word_1_6' title='bbox 1132 563 1181 660; x_wconf 73' lang='lat'><strong>33</strong></span> 
     </span>
    </p>
   </div>
   <div class='ocr_carea' id='block_1_2' title="bbox 107 689 1184 1211">
    <p class='ocr_par' dir='ltr' id='par_1_2' title="bbox 107 689 1179 884">
     <span class='ocr_line' id='line_1_2' title="bbox 107 689 1179 785; baseline 0.011 -27"><span class='ocrx_word' id='word_1_7' title='bbox 107 689 166 758; x_wconf 53' lang='grc' dir='ltr'><strong>ΕΔ</strong></span> <span class='ocrx_word' id='word_1_8' title='bbox 188 690 208 757; x_wconf 93' lang='lat' dir='ltr'><strong>l</strong></span> <span class='ocrx_word' id='word_1_9' title='bbox 234 689 330 757; x_wconf 91' lang='lat' dir='ltr'><strong>intro</strong></span> <span class='ocrx_word' id='word_1_10' title='bbox 364 715 458 762; x_wconf 90' lang='lat' dir='ltr'><strong>nunc</strong></span> <span class='ocrx_word' id='word_1_11' title='bbox 485 691 567 785; x_wconf 88' lang='lat' dir='ltr'><strong>jam.</strong></span> <span class='ocrx_word' id='word_1_12' title='bbox 598 691 657 760; x_wconf 70' lang='lat' dir='ltr'><strong>Sa.</strong></span> <span class='ocrx_word' id='word_1_13' title='bbox 691 692 736 759; x_wconf 85' lang='lat' dir='ltr'><strong>At</strong></span> <span class='ocrx_word' id='word_1_14' title='bbox 765 691 855 762; x_wconf 87' lang='lat' dir='ltr'><strong>enim</strong></span> <span class='ocrx_word' id='word_1_15' title='bbox 881 717 951 762; x_wconf 90' lang='lat' dir='ltr'><strong>non</strong></span> <span class='ocrx_word' id='word_1_16' title='bbox 974 695 1090 780; x_wconf 84' lang='lat' dir='ltr'><strong>sinam.</strong></span> <span class='ocrx_word' id='word_1_17' title='bbox 1111 699 1179 773; x_wconf 88' lang='lat' dir='ltr'><strong>AEs.</strong></span> 
     </span>
     <span class='ocr_line' id='line_1_3' title="bbox 261 794 720 884; baseline 0.009 -21"><span class='ocrx_word' id='word_1_18' title='bbox 261 794 400 865; x_wconf 82' lang='lat' dir='ltr'><strong>Accede</strong></span> <span class='ocrx_word' id='word_1_19' title='bbox 418 794 519 884; x_wconf 89' lang='lat' dir='ltr'><strong>illuc,</strong></span> <span class='ocrx_word' id='word_1_20' title='bbox 534 799 696 867; x_wconf 83' lang='lat' dir='ltr'><strong>Parmeno</strong></span> <span class='ocrx_word' id='word_1_21' title='bbox 712 822 720 866; x_wconf 79' lang='lat' dir='ltr'><strong>t</strong></span> 
     </span>
    </p>

    <p class='ocr_par' dir='ltr' id='par_1_3' title="bbox 109 900 1184 1100">
     <span class='ocr_line' id='line_1_4' title="bbox 109 900 1184 999; baseline 0.009 -29"><span class='ocrx_word' id='word_1_22' title='bbox 109 900 253 970; x_wconf 76' lang='lat' dir='ltr'><strong>Nimium</strong></span> <span class='ocrx_word' id='word_1_23' title='bbox 277 903 366 972; x_wconf 90' lang='lat' dir='ltr'><strong>istoc</strong></span> <span class='ocrx_word' id='word_1_24' title='bbox 384 901 494 973; x_wconf 79' lang='lat' dir='ltr'>abisti.</span> <span class='ocrx_word' id='word_1_25' title='bbox 517 903 581 972; x_wconf 88' lang='lat' dir='ltr'><strong>Hic</strong></span> <span class='ocrx_word' id='word_1_26' title='bbox 599 918 736 999; x_wconf 86' lang='lat' dir='ltr'><strong>propter</strong></span> <span class='ocrx_word' id='word_1_27' title='bbox 754 903 845 973; x_wconf 89' lang='lat' dir='ltr'><strong>bunc</strong></span> <span class='ocrx_word' id='word_1_28' title='bbox 862 903 993 975; x_wconf 86' lang='lat' dir='ltr'><strong>adsiste.</strong></span> <span class='ocrx_word' id='word_1_29' title='bbox 1010 909 1115 998; x_wconf 85' lang='lat' dir='ltr'>Hem,</span> <span class='ocrx_word' id='word_1_30' title='bbox 1138 912 1184 980; x_wconf 88' lang='lat' dir='ltr'><strong>sic</strong></span> 
     </span>
     <span class='ocr_line' id='line_1_5' title="bbox 265 1006 1182 1100; baseline 0.013 -26"><span class='ocrx_word' id='word_1_31' title='bbox 265 1006 358 1078; x_wconf 81' lang='lat' dir='ltr'><strong>volo.</strong></span> <span class='ocrx_word' id='word_1_32' title='bbox 1145 1060 1182 1100; x_wconf 69' lang='lat'><strong>170</strong></span> 
     </span>
    </p>

    <p class='ocr_par' dir='ltr' id='par_1_4' title="bbox 112 1111 1184 1211">
     <span class='ocr_line' id='line_1_6' title="bbox 112 1111 1184 1211; baseline 0.007 -29"><span class='ocrx_word' id='word_1_33' title='bbox 112 1113 198 1182; x_wconf 74' lang='lat' dir='ltr'><strong>cave</strong></span> <span class='ocrx_word' id='word_1_34' title='bbox 219 1138 317 1184; x_wconf 90' lang='lat' dir='ltr'><strong>nunc</strong></span> <span class='ocrx_word' id='word_1_35' title='bbox 332 1114 404 1206; x_wconf 83' lang='lat' dir='ltr'><strong>jam</strong></span> <span class='ocrx_word' id='word_1_36' title='bbox 426 1111 541 1184; x_wconf 85' lang='lat' dir='ltr'><strong>oculos</strong></span> <span class='ocrx_word' id='word_1_37' title='bbox 560 1138 581 1183; x_wconf 86' lang='lat' dir='ltr'><strong>a</strong></span> <span class='ocrx_word' id='word_1_38' title='bbox 599 1115 681 1185; x_wconf 86' lang='lat' dir='ltr'><strong>meis</strong></span> <span class='ocrx_word' id='word_1_39' title='bbox 699 1111 803 1185; x_wconf 86' lang='lat' dir='ltr'><strong>oculis</strong></span> <span class='ocrx_word' id='word_1_40' title='bbox 821 1140 988 1211; x_wconf 91' lang='lat' dir='ltr'><strong>quoquam</strong></span> <span class='ocrx_word' id='word_1_41' title='bbox 1007 1117 1184 1190; x_wconf 82' lang='lat' dir='ltr'><strong>demoveas</strong></span> 
     </span>
    </p>
   </div>
   <div class='ocr_carea' id='block_1_3' title="bbox 5 1235 1186 1926">
    <p class='ocr_par' dir='ltr' id='par_1_5' title="bbox 268 1235 756 1290">
     <span class='ocr_line' id='line_1_7' title="bbox 268 1235 756 1290; baseline -0.002 -1"><span class='ocrx_word' id='word_1_42' title='bbox 268 1235 358 1290; x_wconf 87' lang='lat' dir='ltr'><strong>tuos.</strong></span> <span class='ocrx_word' id='word_1_43' title='bbox 754 1283 756 1288; x_wconf 81' lang='grc'>,</span> 
     </span>
    </p>

    <p class='ocr_par' dir='ltr' id='par_1_6' title="bbox 6 1324 1186 1422">
     <span class='ocr_line' id='line_1_8' title="bbox 6 1324 1186 1422; baseline 0.008 -30"><span class='ocrx_word' id='word_1_44' title='bbox 6 1412 7 1420; x_wconf 14' lang='lat'>¹</span> <span class='ocrx_word' id='word_1_45' title='bbox 113 1324 276 1395; x_wconf 76' lang='lat' dir='ltr'><strong>Nemora</strong></span> <span class='ocrx_word' id='word_1_46' title='bbox 296 1327 353 1411; x_wconf 79' lang='lat' dir='ltr'><strong>sit,</strong></span> <span class='ocrx_word' id='word_1_47' title='bbox 375 1327 401 1394; x_wconf 91' lang='lat' dir='ltr'><strong>si</strong></span> <span class='ocrx_word' id='word_1_48' title='bbox 421 1326 585 1415; x_wconf 82' lang='lat' dir='ltr'>innuero,</span> <span class='ocrx_word' id='word_1_49' title='bbox 603 1327 683 1420; x_wconf 88' lang='lat' dir='ltr'><strong>quin</strong></span> <span class='ocrx_word' id='word_1_50' title='bbox 701 1351 833 1422; x_wconf 82' lang='lat' dir='ltr'><strong>pugnus</strong></span> <span class='ocrx_word' id='word_1_51' title='bbox 855 1329 1014 1400; x_wconf 87' lang='lat' dir='ltr'><strong>continuo</strong></span> <span class='ocrx_word' id='word_1_52' title='bbox 1038 1331 1075 1398; x_wconf 92' lang='lat' dir='ltr'><strong>iu</strong></span> <span class='ocrx_word' id='word_1_53' title='bbox 1098 1329 1186 1401; x_wconf 85' lang='lat' dir='ltr'><strong>mala</strong></span> 
     </span>
    </p>

    <p class='ocr_par' dir='ltr' id='par_1_7' title="bbox 268 1431 407 1502">
     <span class='ocr_line' id='line_1_9' title="bbox 268 1431 407 1502; baseline -0.029 0"><span class='ocrx_word' id='word_1_54' title='bbox 268 1431 407 1502; x_wconf 77' lang='lat' dir='ltr'><strong>haereat.</strong></span> 
     </span>
    </p>

    <p class='ocr_par' dir='ltr' id='par_1_8' title="bbox 5 1530 1173 1714">
     <span class='ocr_line' id='line_1_10' title="bbox 5 1530 1173 1633; baseline 0.003 -24"><span class='ocrx_word' id='word_1_55' title='bbox 5 1599 6 1609; x_wconf 69' lang='grc'>,</span> <span class='ocrx_word' id='word_1_56' title='bbox 113 1538 166 1606; x_wconf 73' lang='lat' dir='ltr'><strong>St.</strong></span> <span class='ocrx_word' id='word_1_57' title='bbox 182 1539 278 1608; x_wconf 85' lang='lat' dir='ltr'><strong>Istuc</strong></span> <span class='ocrx_word' id='word_1_58' title='bbox 296 1534 377 1606; x_wconf 83' lang='lat' dir='ltr'><strong>volo</strong></span> <span class='ocrx_word' id='word_1_59' title='bbox 394 1530 474 1632; x_wconf 82' lang='lat' dir='ltr'><strong>ergo</strong></span> <span class='ocrx_word' id='word_1_60' title='bbox 494 1538 604 1632; x_wconf 90' lang='lat' dir='ltr'><strong>ipsum</strong></span> <span class='ocrx_word' id='word_1_61' title='bbox 623 1539 773 1633; x_wconf 81' lang='lat' dir='ltr'><strong>experiri.</strong></span> <span class='ocrx_word' id='word_1_62' title='bbox 790 1540 857 1610; x_wconf 89' lang='lat' dir='ltr'><strong>AEs.</strong></span> <span class='ocrx_word' id='word_1_63' title='bbox 876 1542 985 1631; x_wconf 85' lang='lat' dir='ltr'><strong>Hem,</strong></span> <span class='ocrx_word' id='word_1_64' title='bbox 1004 1545 1173 1614; x_wconf 79' lang='lat' dir='ltr'><strong>servaPa.</strong></span> 
     </span>
     <span class='ocr_line' id='line_1_11' title="bbox 269 1641 1158 1714; baseline 0 -2"><span class='ocrx_word' id='word_1_65' title='bbox 269 1644 400 1712; x_wconf 86' lang='lat' dir='ltr'><strong>Omitte</strong></span> <span class='ocrx_word' id='word_1_66' title='bbox 416 1641 601 1714; x_wconf 88' lang='lat' dir='ltr'><strong>mulierem.</strong></span> <span class='ocrx_word' id='word_1_67' title='bbox 1155 1655 1158 1662; x_wconf 91' lang='lat'>&#39;</span> 
     </span>
    </p>

    <p class='ocr_par' dir='ltr' id='par_1_9' title="bbox 111 1747 1181 1926">
     <span class='ocr_line' id='line_1_12' title="bbox 111 1747 1181 1841; baseline 0.007 -23"><span class='ocrx_word' id='word_1_68' title='bbox 111 1751 166 1819; x_wconf 79' lang='lat' dir='ltr'><strong>Sa.</strong></span> <span class='ocrx_word' id='word_1_69' title='bbox 184 1751 218 1818; x_wconf 93' lang='grc'>0</span> <span class='ocrx_word' id='word_1_70' title='bbox 236 1752 399 1820; x_wconf 87' lang='lat' dir='ltr'><strong>miserum</strong></span> <span class='ocrx_word' id='word_1_71' title='bbox 421 1747 566 1820; x_wconf 85' lang='lat' dir='ltr'><strong>fucinus!</strong></span> <span class='ocrx_word' id='word_1_72' title='bbox 586 1753 654 1820; x_wconf 87' lang='lat' dir='ltr'><strong>AEs.</strong></span> <span class='ocrx_word' id='word_1_73' title='bbox 679 1749 889 1841; x_wconf 81' lang='lat' dir='ltr'><strong>Geminabit,</strong></span> <span class='ocrx_word' id='word_1_74' title='bbox 913 1753 976 1823; x_wconf 89' lang='lat' dir='ltr'><strong>nisi</strong></span> <span class='ocrx_word' id='word_1_75' title='bbox 1000 1777 1107 1824; x_wconf 85' lang='lat' dir='ltr'><strong>caves.</strong></span> <span class='ocrx_word' id='word_1_76' title='bbox 1125 1757 1181 1827; x_wconf 80' lang='lat' dir='ltr'><strong>Sa.</strong></span> 
     </span>
     <span class='ocr_line' id='line_1_13' title="bbox 270 1852 542 1926; baseline 0 -2"><span class='ocrx_word' id='word_1_77' title='bbox 270 1857 336 1926; x_wconf 89' lang='lat' dir='ltr'><strong>Hei</strong></span> <span class='ocrx_word' id='word_1_78' title='bbox 358 1852 542 1926; x_wconf 88' lang='lat' dir='ltr'><strong>miseriam!</strong></span> 
     </span>
    </p>
   </div>
   <div class='ocr_carea' id='block_1_4' title="bbox 112 2067 1185 2139">
    <p class='ocr_par' dir='ltr' id='par_1_10' title="bbox 112 2067 1185 2139">
     <span class='ocr_line' id='line_1_14' title="bbox 112 2067 1185 2139; baseline 0.004 -18"><span class='ocrx_word' id='word_1_79' title='bbox 112 2075 167 2121; x_wconf 72' lang='lat' dir='ltr'><strong>urii</strong></span> <span class='ocrx_word' id='word_1_80' title='bbox 183 2088 234 2122; x_wconf 76' lang='lat' dir='ltr'><strong>aaa</strong></span> <span class='ocrx_word' id='word_1_81' title='bbox 248 2071 346 2134; x_wconf 70' lang='grc' dir='ltr'><strong>ιὺιωιι,</strong></span> <span class='ocrx_word' id='word_1_82' title='bbox 362 2067 428 2122; x_wconf 88' lang='lat' dir='ltr'><strong>dnm</strong></span> <span class='ocrx_word' id='word_1_83' title='bbox 441 2067 482 2123; x_wconf 88' lang='lat' dir='ltr'><strong>rei</strong></span> <span class='ocrx_word' id='word_1_84' title='bbox 497 2086 551 2122; x_wconf 74' lang='lat' dir='ltr'><strong>tua</strong></span> <span class='ocrx_word' id='word_1_85' title='bbox 565 2086 626 2139; x_wconf 79' lang='lat' dir='ltr'><strong>poe·</strong></span> <span class='ocrx_word' id='word_1_86' title='bbox 673 2086 747 2122; x_wconf 78' lang='lat' dir='ltr'><strong>vero.</strong></span> <span class='ocrx_word' id='word_1_87' title='bbox 758 2099 797 2110; x_wconf 93' lang='lat'>-</span> <span class='ocrx_word' id='word_1_88' title='bbox 807 2069 924 2139; x_wconf 71' lang='lat' dir='ltr'><strong>Pugnat,</strong></span> <span class='ocrx_word' id='word_1_89' title='bbox 935 2084 1004 2124; x_wconf 81' lang='lat' dir='ltr'><strong>tuna.</strong></span> <span class='ocrx_word' id='word_1_90' title='bbox 1016 2072 1185 2138; x_wconf 77' lang='lat' dir='ltr'><strong>-lnmala,</strong></span> 
     </span>
    </p>
   </div>
   <div class='ocr_carea' id='block_1_5' title="bbox 5 2147 1186 2224">
    <p class='ocr_par' dir='ltr' id='par_1_11' title="bbox 5 2147 1186 2224">
     <span class='ocr_line' id='line_1_15' title="bbox 5 2147 1186 2224; baseline 0.014 -36"><span class='ocrx_word' id='word_1_91' title='bbox 5 2148 6 2188; x_wconf 75' lang='lat' dir='ltr'><strong>l</strong></span> <span class='ocrx_word' id='word_1_92' title='bbox 110 2149 250 2202; x_wconf 50' lang='lat' dir='ltr'><strong>adonem</strong></span> <span class='ocrx_word' id='word_1_93' title='bbox 263 2147 456 2202; x_wconf 79' lang='lat' dir='ltr'><strong>albivindicat.</strong></span> <span class='ocrx_word' id='word_1_94' title='bbox 672 2147 701 2199; x_wconf 89' lang='lat' dir='ltr'><strong>in</strong></span> <span class='ocrx_word' id='word_1_95' title='bbox 720 2149 778 2219; x_wconf 76' lang='lat' dir='ltr'><strong>ejus</strong></span> <span class='ocrx_word' id='word_1_96' title='bbox 807 2167 883 2218; x_wconf 76' lang='lat' dir='ltr'><strong>gena.</strong></span> <span class='ocrx_word' id='word_1_97' title='bbox 902 2151 938 2202; x_wconf 91' lang='lat' dir='ltr'><strong>Et</strong></span> <span class='ocrx_word' id='word_1_98' title='bbox 959 2150 1101 2224; x_wconf 73' lang='lat' dir='ltr'><strong>intellige:</strong></span> <span class='ocrx_word' id='word_1_99' title='bbox 1120 2153 1186 2224; x_wconf 82' lang='lat' dir='ltr'><strong>quin</strong></span> 
     </span>
    </p>
   </div>
   <div class='ocr_carea' id='block_1_6' title="bbox 111 2226 1186 3015">
    <p class='ocr_par' dir='ltr' id='par_1_12' title="bbox 111 2226 1186 3015">
     <span class='ocr_line' id='line_1_16' title="bbox 150 2226 1184 2299; baseline 0.006 -19"><span class='ocrx_word' id='word_1_100' title='bbox 150 2231 239 2296; x_wconf 80' lang='lat'><strong>169.1</strong></span> <span class='ocrx_word' id='word_1_101' title='bbox 249 2231 316 2280; x_wconf 73' lang='lat' dir='ltr'><strong>iutro</strong></span> <span class='ocrx_word' id='word_1_102' title='bbox 329 2248 394 2280; x_wconf 74' lang='lat' dir='ltr'><strong>uuita</strong></span> <span class='ocrx_word' id='word_1_103' title='bbox 404 2229 463 2294; x_wconf 78' lang='lat' dir='ltr'><strong>jam.</strong></span> <span class='ocrx_word' id='word_1_104' title='bbox 475 2226 623 2297; x_wconf 74' lang='lat' dir='ltr'><strong>Mmqmd.</strong></span> <span class='ocrx_word' id='word_1_105' title='bbox 670 2228 768 2299; x_wconf 73' lang='lat' dir='ltr'><strong>pugnis</strong></span> <span class='ocrx_word' id='word_1_106' title='bbox 783 2226 835 2281; x_wconf 84' lang='lat' dir='ltr'><strong>tuie</strong></span> <span class='ocrx_word' id='word_1_107' title='bbox 853 2247 927 2298; x_wconf 70' lang='lat' dir='ltr'><strong>gene</strong></span> <span class='ocrx_word' id='word_1_108' title='bbox 948 2230 1052 2283; x_wconf 85' lang='lat' dir='ltr'><strong>lenonie</strong></span> <span class='ocrx_word' id='word_1_109' title='bbox 1069 2243 1184 2286; x_wconf 83' lang='lat' dir='ltr'><strong>contun-</strong></span> 
     </span>
     <span class='ocr_line' id='line_1_17' title="bbox 114 2305 782 2379; baseline 0.003 -21"><span class='ocrx_word' id='word_1_110' title='bbox 114 2309 207 2360; x_wconf 79' lang='lat' dir='ltr'><strong>lr&#39;atro</strong></span> <span class='ocrx_word' id='word_1_111' title='bbox 219 2312 275 2379; x_wconf 77' lang='lat' dir='ltr'><strong>jam</strong></span> <span class='ocrx_word' id='word_1_112' title='bbox 297 2327 362 2360; x_wconf 76' lang='lat' dir='ltr'><strong>uam</strong></span> <span class='ocrx_word' id='word_1_113' title='bbox 385 2318 421 2359; x_wconf 84' lang='lat' dir='ltr'><strong>tu.</strong></span> <span class='ocrx_word' id='word_1_114' title='bbox 446 2308 487 2360; x_wconf 86' lang='lat' dir='ltr'><strong>Ita</strong></span> <span class='ocrx_word' id='word_1_115' title='bbox 503 2318 530 2358; x_wconf 91' lang='lat' dir='ltr'><strong>et</strong></span> <span class='ocrx_word' id='word_1_116' title='bbox 545 2306 625 2360; x_wconf 80' lang='lat' dir='ltr'><strong>Roth.</strong></span> <span class='ocrx_word' id='word_1_117' title='bbox 672 2305 782 2360; x_wconf 88' lang='lat' dir='ltr'><strong>dantur.</strong></span> 
     </span>
     <span class='ocr_line' id='line_1_18' title="bbox 112 2384 1185 2458; baseline 0.005 -20"><span class='ocrx_word' id='word_1_118' title='bbox 112 2387 251 2458; x_wconf 73' lang='lat' dir='ltr'><strong>dejicimua</strong></span> <span class='ocrx_word' id='word_1_119' title='bbox 262 2399 355 2440; x_wconf 87' lang='lat' dir='ltr'><strong>autem</strong></span> <span class='ocrx_word' id='word_1_120' title='bbox 371 2398 398 2438; x_wconf 82' lang='lat' dir='ltr'><strong>tu</strong></span> <span class='ocrx_word' id='word_1_121' title='bbox 418 2403 480 2439; x_wconf 91' lang='lat' dir='ltr'><strong>cum</strong></span> <span class='ocrx_word' id='word_1_122' title='bbox 495 2384 625 2457; x_wconf 75' lang='lat' dir='ltr'><strong>pluribus.</strong></span> <span class='ocrx_word' id='word_1_123' title='bbox 714 2385 781 2457; x_wconf 83' lang='lat'><strong>173.</strong></span> <span class='ocrx_word' id='word_1_124' title='bbox 794 2387 860 2438; x_wconf 77' lang='lat' dir='ltr'><strong>Istuc</strong></span> <span class='ocrx_word' id='word_1_125' title='bbox 881 2391 966 2457; x_wconf 66' lang='lat' dir='ltr'><strong>iusum.</strong></span> <span class='ocrx_word' id='word_1_126' title='bbox 983 2389 1026 2443; x_wconf 89' lang='lat' dir='ltr'><strong>Sc.</strong></span> <span class='ocrx_word' id='word_1_127' title='bbox 1046 2408 1081 2442; x_wconf 83' lang='lat' dir='ltr'><strong>an</strong></span> <span class='ocrx_word' id='word_1_128' title='bbox 1100 2389 1185 2444; x_wconf 77' lang='lat' dir='ltr'><strong>minat</strong></span> 
     </span>
     <span class='ocr_line' id='line_1_19' title="bbox 112 2464 1186 2536; baseline 0.003 -16"><span class='ocrx_word' id='word_1_129' title='bbox 112 2469 191 2520; x_wconf 82' lang='lat' dir='ltr'><strong>-Ae</strong></span> <span class='ocrx_word' id='word_1_130' title='bbox 201 2487 242 2519; x_wconf 75' lang='grc' dir='ltr'><strong>ιιι</strong></span> <span class='ocrx_word' id='word_1_131' title='bbox 256 2467 331 2520; x_wconf 88' lang='lat' dir='ltr'><strong>Don.</strong></span> <span class='ocrx_word' id='word_1_132' title='bbox 344 2464 450 2518; x_wconf 84' lang='lat' dir='ltr'><strong>videtur</strong></span> <span class='ocrx_word' id='word_1_133' title='bbox 463 2483 518 2518; x_wconf 90' lang='lat' dir='ltr'><strong>non</strong></span> <span class='ocrx_word' id='word_1_134' title='bbox 532 2465 626 2535; x_wconf 74' lang='lat' dir='ltr'><strong>legisse</strong></span> <span class='ocrx_word' id='word_1_135' title='bbox 671 2464 738 2520; x_wconf 85' lang='lat' dir='ltr'><strong>adeo</strong></span> <span class='ocrx_word' id='word_1_136' title='bbox 759 2465 864 2536; x_wconf 78' lang='lat' dir='ltr'><strong>iniquae</strong></span> <span class='ocrx_word' id='word_1_137' title='bbox 883 2466 990 2522; x_wconf 81' lang='lat' dir='ltr'><strong>efficere</strong></span> <span class='ocrx_word' id='word_1_138' title='bbox 1010 2487 1122 2528; x_wconf 69' lang='lat' dir='ltr'><strong>autunto</strong></span> <span class='ocrx_word' id='word_1_139' title='bbox 1142 2469 1186 2524; x_wconf 81' lang='lat' dir='ltr'><strong>eia.</strong></span> 
     </span>
     <span class='ocr_line' id='line_1_20' title="bbox 113 2543 1186 2614; baseline 0.004 -16"><span class='ocrx_word' id='word_1_140' title='bbox 113 2560 143 2598; x_wconf 78' lang='lat' dir='ltr'><strong>at.</strong></span> <span class='ocrx_word' id='word_1_141' title='bbox 155 2548 200 2599; x_wconf 88' lang='lat' dir='ltr'><em>W</em></span> <span class='ocrx_word' id='word_1_142' title='bbox 195 2560 243 2598; x_wconf 82' lang='lat' dir='ltr'><strong>est.</strong></span> <span class='ocrx_word' id='word_1_143' title='bbox 255 2579 300 2590; x_wconf 89' lang='lat'><em>-</em></span> <span class='ocrx_word' id='word_1_144' title='bbox 311 2547 330 2597; x_wconf 88' lang='lat'><em>1</em></span> <span class='ocrx_word' id='word_1_145' title='bbox 343 2549 408 2598; x_wconf 82' lang='lat' dir='ltr'><strong>iutro</strong></span> <span class='ocrx_word' id='word_1_146' title='bbox 423 2563 448 2597; x_wconf 86' lang='lat' dir='ltr'><strong>u.</strong></span> <span class='ocrx_word' id='word_1_147' title='bbox 457 2547 478 2614; x_wconf 75' lang='lat' dir='ltr'><strong>j.</strong></span> <span class='ocrx_word' id='word_1_148' title='bbox 488 2544 626 2597; x_wconf 83' lang='lat' dir='ltr'><strong>Pealtriam</strong></span> <span class='ocrx_word' id='word_1_149' title='bbox 671 2545 705 2597; x_wconf 89' lang='lat' dir='ltr'><strong>Et</strong></span> <span class='ocrx_word' id='word_1_150' title='bbox 727 2543 923 2611; x_wconf 81' lang='lat' dir='ltr'><strong>animadverte,</strong></span> <span class='ocrx_word' id='word_1_151' title='bbox 943 2567 978 2600; x_wconf 80' lang='lat' dir='ltr'><strong>ex</strong></span> <span class='ocrx_word' id='word_1_152' title='bbox 997 2549 1120 2611; x_wconf 89' lang='lat' dir='ltr'><strong>Donato,</strong></span> <span class='ocrx_word' id='word_1_153' title='bbox 1135 2549 1186 2602; x_wconf 89' lang='lat' dir='ltr'><strong>mi·</strong></span> 
     </span>
     <span class='ocr_line' id='line_1_21' title="bbox 113 2623 1184 2699; baseline 0.004 -22"><span class='ocrx_word' id='word_1_154' title='bbox 113 2626 265 2697; x_wconf 81' lang='lat' dir='ltr'><strong>alloquitur.</strong></span> <span class='ocrx_word' id='word_1_155' title='bbox 281 2624 391 2678; x_wconf 85' lang='lat' dir='ltr'><strong>Scilicet</strong></span> <span class='ocrx_word' id='word_1_156' title='bbox 415 2624 517 2678; x_wconf 77' lang='lat' dir='ltr'><strong>loribus</strong></span> <span class='ocrx_word' id='word_1_157' title='bbox 530 2623 625 2678; x_wconf 82' lang='lat' dir='ltr'><strong>Micio·</strong></span> <span class='ocrx_word' id='word_1_158' title='bbox 669 2624 721 2676; x_wconf 86' lang='lat' dir='ltr'><strong>aeri</strong></span> <span class='ocrx_word' id='word_1_159' title='bbox 740 2624 857 2678; x_wconf 82' lang='lat' dir='ltr'><strong>hominia</strong></span> <span class='ocrx_word' id='word_1_160' title='bbox 879 2629 1098 2692; x_wconf 79' lang='lat' dir='ltr'><strong>contumaciam,</strong></span> <span class='ocrx_word' id='word_1_161' title='bbox 1123 2628 1184 2699; x_wconf 74' lang='lat' dir='ltr'><strong>ipat</strong></span> 
     </span>
     <span class='ocr_line' id='line_1_22' title="bbox 112 2703 1181 2777; baseline 0.001 -20"><span class='ocrx_word' id='word_1_162' title='bbox 112 2705 352 2758; x_wconf 80' lang='lat' dir='ltr'><strong>nitaPat-menone</strong></span> <span class='ocrx_word' id='word_1_163' title='bbox 361 2705 476 2776; x_wconf 82' lang='lat' dir='ltr'><strong>apertio,</strong></span> <span class='ocrx_word' id='word_1_164' title='bbox 486 2703 626 2758; x_wconf 80' lang='lat' dir='ltr'><strong>AEacbinua</strong></span> <span class='ocrx_word' id='word_1_165' title='bbox 669 2703 740 2756; x_wconf 86' lang='lat' dir='ltr'><strong>inter</strong></span> <span class='ocrx_word' id='word_1_166' title='bbox 758 2705 869 2758; x_wconf 81' lang='lat' dir='ltr'><strong>verbera</strong></span> <span class='ocrx_word' id='word_1_167' title='bbox 884 2703 1034 2776; x_wconf 86' lang='lat' dir='ltr'><strong>loquacem.</strong></span> <span class='ocrx_word' id='word_1_168' title='bbox 1050 2705 1181 2777; x_wconf 81' lang='lat' dir='ltr'><strong>-Hem,</strong></span> 
     </span>
     <span class='ocr_line' id='line_1_23' title="bbox 111 2782 1183 2855; baseline 0.003 -19"><span class='ocrx_word' id='word_1_169' title='bbox 111 2782 243 2838; x_wconf 77' lang='lat' dir='ltr'><strong>fidicinam</strong></span> <span class='ocrx_word' id='word_1_170' title='bbox 270 2785 312 2838; x_wconf 88' lang='lat' dir='ltr'><strong>ire</strong></span> <span class='ocrx_word' id='word_1_171' title='bbox 338 2784 410 2837; x_wconf 87' lang='lat' dir='ltr'><strong>intro</strong></span> <span class='ocrx_word' id='word_1_172' title='bbox 429 2785 515 2855; x_wconf 88' lang='lat' dir='ltr'><strong>jubet.</strong></span> <span class='ocrx_word' id='word_1_173' title='bbox 531 2813 571 2824; x_wconf 93' lang='lat'>-</span> <span class='ocrx_word' id='word_1_174' title='bbox 584 2784 625 2835; x_wconf 88' lang='lat' dir='ltr'><strong>At</strong></span> <span class='ocrx_word' id='word_1_175' title='bbox 669 2790 758 2836; x_wconf 73' lang='lat' dir='ltr'><strong>serra!</strong></span> <span class='ocrx_word' id='word_1_176' title='bbox 772 2783 914 2837; x_wconf 79' lang='lat' dir='ltr'><strong>Mulierem</strong></span> <span class='ocrx_word' id='word_1_177' title='bbox 936 2784 1062 2838; x_wconf 73' lang='lat' dir='ltr'><strong>adversus</strong></span> <span class='ocrx_word' id='word_1_178' title='bbox 1080 2786 1183 2840; x_wconf 81' lang='lat' dir='ltr'><strong>lenonio</strong></span> 
     </span>
     <span class='ocr_line' id='line_1_24' title="bbox 111 2863 1183 2918; baseline 0 -2"><span class='ocrx_word' id='word_1_179' title='bbox 111 2869 166 2916; x_wconf 71' lang='lat' dir='ltr'><strong>at·</strong></span> <span class='ocrx_word' id='word_1_180' title='bbox 179 2885 228 2917; x_wconf 80' lang='lat' dir='ltr'><strong>aon</strong></span> <span class='ocrx_word' id='word_1_181' title='bbox 240 2867 331 2918; x_wconf 71' lang='lat' dir='ltr'><strong>aium,</strong></span> <span class='ocrx_word' id='word_1_182' title='bbox 352 2864 418 2916; x_wconf 92' lang='lat' dir='ltr'><strong>Sub.</strong></span> <span class='ocrx_word' id='word_1_183' title='bbox 436 2865 502 2916; x_wconf 79' lang='lat' dir='ltr'><strong>illam</strong></span> <span class='ocrx_word' id='word_1_184' title='bbox 520 2865 621 2914; x_wconf 80' lang='lat' dir='ltr'><strong>intrare.</strong></span> <span class='ocrx_word' id='word_1_185' title='bbox 671 2875 782 2916; x_wconf 72' lang='lat' dir='ltr'><strong>conatus</strong></span> <span class='ocrx_word' id='word_1_186' title='bbox 789 2863 881 2916; x_wconf 87' lang='lat' dir='ltr'><strong>retine.</strong></span> <span class='ocrx_word' id='word_1_187' title='bbox 893 2863 957 2916; x_wconf 74' lang='lat' dir='ltr'><strong>Hae</strong></span> <span class='ocrx_word' id='word_1_188' title='bbox 964 2864 1183 2918; x_wconf 79' lang='lat' dir='ltr'><strong>Parmenoni-</strong></span> 
     </span>
     <span class='ocr_line' id='line_1_25' title="bbox 112 2942 1179 3015; baseline 0.003 -19"><span class='ocrx_word' id='word_1_189' title='bbox 112 2943 280 2998; x_wconf 72' lang='lat' dir='ltr'><strong>lletSannio</strong></span> <span class='ocrx_word' id='word_1_190' title='bbox 290 2983 298 3008; x_wconf 90' lang='lat'><strong>,</strong></span> <span class='ocrx_word' id='word_1_191' title='bbox 310 2944 428 2996; x_wconf 83' lang='lat' dir='ltr'><strong>retinens</strong></span> <span class='ocrx_word' id='word_1_192' title='bbox 439 2943 625 3015; x_wconf 76' lang='lat' dir='ltr'><strong>psaltriam-</strong></span> <span class='ocrx_word' id='word_1_193' title='bbox 673 2942 764 2996; x_wconf 78' lang='lat' dir='ltr'><strong>Omitte</strong></span> <span class='ocrx_word' id='word_1_194' title='bbox 775 2943 902 2996; x_wconf 67' lang='lat' dir='ltr'><strong>multarem.</strong></span> <span class='ocrx_word' id='word_1_195' title='bbox 913 2943 976 2996; x_wconf 90' lang='lat' dir='ltr'><strong>Noli</strong></span> <span class='ocrx_word' id='word_1_196' title='bbox 987 2961 1043 2996; x_wconf 89' lang='lat' dir='ltr'><strong>eam</strong></span> <span class='ocrx_word' id='word_1_197' title='bbox 1055 2944 1179 3006; x_wconf 79' lang='lat' dir='ltr'><strong>retinere.</strong></span> 
     </span>
    </p>
   </div>
   <div class='ocr_carea' id='block_1_7' title="bbox 6 3020 1180 3096">
    <p class='ocr_par' dir='ltr' id='par_1_13' title="bbox 6 3020 1180 3096">
     <span class='ocr_line' id='line_1_26' title="bbox 6 3020 1180 3096; baseline 0.002 -20"><span class='ocrx_word' id='word_1_198' title='bbox 6 3040 7 3049; x_wconf 59' lang='lat'>¹</span> <span class='ocrx_word' id='word_1_199' title='bbox 112 3023 177 3086; x_wconf 71' lang='lat' dir='ltr'><strong>ldae,</strong></span> <span class='ocrx_word' id='word_1_200' title='bbox 187 3043 279 3096; x_wconf 83' lang='lat' dir='ltr'><strong>prope</strong></span> <span class='ocrx_word' id='word_1_201' title='bbox 290 3023 381 3076; x_wconf 85' lang='lat' dir='ltr'><strong>locum</strong></span> <span class='ocrx_word' id='word_1_202' title='bbox 393 3023 441 3076; x_wconf 89' lang='lat' dir='ltr'><strong>ubi</strong></span> <span class='ocrx_word' id='word_1_203' title='bbox 452 3035 491 3076; x_wconf 83' lang='lat' dir='ltr'><strong>eat</strong></span> <span class='ocrx_word' id='word_1_204' title='bbox 501 3020 607 3076; x_wconf 84' lang='lat' dir='ltr'><strong>Sannio.</strong></span> <span class='ocrx_word' id='word_1_205' title='bbox 668 3023 733 3074; x_wconf 82' lang='lat' dir='ltr'><strong>Haec</strong></span> <span class='ocrx_word' id='word_1_206' title='bbox 742 3021 877 3075; x_wconf 78' lang='lat' dir='ltr'><strong>Samtioni.</strong></span> <span class='ocrx_word' id='word_1_207' title='bbox 892 3023 976 3076; x_wconf 75' lang='lat' dir='ltr'><strong>Aliter</strong></span> <span class='ocrx_word' id='word_1_208' title='bbox 984 3025 1012 3077; x_wconf 72' lang='lat' dir='ltr'><strong>ri</strong></span> <span class='ocrx_word' id='word_1_209' title='bbox 1024 3043 1092 3078; x_wconf 78' lang='lat' dir='ltr'><strong>serva</strong></span> <span class='ocrx_word' id='word_1_210' title='bbox 1102 3023 1180 3078; x_wconf 86' lang='lat' dir='ltr'><strong>intel·</strong></span> 
     </span>
    </p>
   </div>
   <div class='ocr_carea' id='block_1_8' title="bbox 111 3099 1183 3330">
    <p class='ocr_par' dir='ltr' id='par_1_14' title="bbox 111 3099 1183 3330">
     <span class='ocr_line' id='line_1_27' title="bbox 150 3099 1183 3175; baseline 0.001 -19"><span class='ocrx_word' id='word_1_211' title='bbox 150 3103 329 3174; x_wconf 59' lang='lat' dir='ltr'><strong>nostia-ium</strong></span> <span class='ocrx_word' id='word_1_212' title='bbox 341 3107 401 3155; x_wconf 74' lang='lat' dir='ltr'><strong>istoc</strong></span> <span class='ocrx_word' id='word_1_213' title='bbox 409 3101 491 3157; x_wconf 81' lang='lat' dir='ltr'><strong>abisti.</strong></span> <span class='ocrx_word' id='word_1_214' title='bbox 504 3101 624 3155; x_wconf 88' lang='lat' dir='ltr'><strong>Nimium</strong></span> <span class='ocrx_word' id='word_1_215' title='bbox 667 3099 754 3170; x_wconf 68' lang='lat' dir='ltr'><strong>ligant</strong></span> <span class='ocrx_word' id='word_1_216' title='bbox 761 3103 858 3154; x_wconf 75' lang='lat' dir='ltr'><strong>Juveuc.</strong></span> <span class='ocrx_word' id='word_1_217' title='bbox 867 3115 892 3155; x_wconf 82' lang='lat' dir='ltr'><strong>et</strong></span> <span class='ocrx_word' id='word_1_218' title='bbox 900 3104 1054 3156; x_wconf 82' lang='lat' dir='ltr'><strong>Lemouuier:</strong></span> <span class='ocrx_word' id='word_1_219' title='bbox 1060 3103 1134 3175; x_wconf 80' lang='lat' dir='ltr'><strong>quati</strong></span> <span class='ocrx_word' id='word_1_220' title='bbox 1141 3103 1183 3157; x_wconf 91' lang='lat' dir='ltr'><strong>di·</strong></span> 
     </span>
     <span class='ocr_line' id='line_1_28' title="bbox 114 3181 1181 3255; baseline -0.002 -17"><span class='ocrx_word' id='word_1_221' title='bbox 114 3181 188 3255; x_wconf 66' lang='lat' dir='ltr'><strong>hage</strong></span> <span class='ocrx_word' id='word_1_222' title='bbox 202 3183 311 3248; x_wconf 77' lang='lat' dir='ltr'><strong>abiisti,</strong></span> <span class='ocrx_word' id='word_1_223' title='bbox 330 3201 414 3254; x_wconf 86' lang='lat' dir='ltr'><strong>quum</strong></span> <span class='ocrx_word' id='word_1_224' title='bbox 433 3181 521 3235; x_wconf 80' lang='lat' dir='ltr'><strong>abiisti</strong></span> <span class='ocrx_word' id='word_1_225' title='bbox 538 3181 566 3233; x_wconf 91' lang='lat' dir='ltr'><strong>in</strong></span> <span class='ocrx_word' id='word_1_226' title='bbox 584 3182 625 3233; x_wconf 90' lang='lat' dir='ltr'><strong>lo·</strong></span> <span class='ocrx_word' id='word_1_227' title='bbox 668 3195 739 3234; x_wconf 87' lang='lat' dir='ltr'><strong>ceret</strong></span> <span class='ocrx_word' id='word_1_228' title='bbox 749 3182 801 3234; x_wconf 92' lang='lat' dir='ltr'><strong>hoc</strong></span> <span class='ocrx_word' id='word_1_229' title='bbox 811 3182 951 3235; x_wconf 76' lang='lat' dir='ltr'><strong>AEecbintm</strong></span> <span class='ocrx_word' id='word_1_230' title='bbox 963 3182 1181 3253; x_wconf 86' lang='lat' dir='ltr'><strong>Sannioniquem</strong></span> 
     </span>
     <span class='ocr_line' id='line_1_29' title="bbox 111 3257 1181 3330; baseline -0.001 -14"><span class='ocrx_word' id='word_1_231' title='bbox 111 3279 167 3315; x_wconf 80' lang='lat' dir='ltr'><strong>cum</strong></span> <span class='ocrx_word' id='word_1_232' title='bbox 183 3265 231 3316; x_wconf 86' lang='lat' dir='ltr'><strong>nbi</strong></span> <span class='ocrx_word' id='word_1_233' title='bbox 245 3275 279 3316; x_wconf 87' lang='lat' dir='ltr'><strong>tu</strong></span> <span class='ocrx_word' id='word_1_234' title='bbox 293 3281 370 3316; x_wconf 90' lang='lat' dir='ltr'><strong>nunc</strong></span> <span class='ocrx_word' id='word_1_235' title='bbox 384 3281 429 3328; x_wconf 63' lang='grc' dir='ltr'><strong>εις</strong></span> <span class='ocrx_word' id='word_1_236' title='bbox 446 3257 529 3325; x_wconf 83' lang='lat' dir='ltr'><strong>(vel)</strong></span> <span class='ocrx_word' id='word_1_237' title='bbox 540 3277 624 3330; x_wconf 87' lang='lat' dir='ltr'><strong>quum</strong></span> <span class='ocrx_word' id='word_1_238' title='bbox 668 3261 799 3330; x_wconf 78' lang='lat' dir='ltr'><strong>percussit</strong></span> <span class='ocrx_word' id='word_1_239' title='bbox 816 3261 963 3315; x_wconf 85' lang='lat' dir='ltr'><strong>Parmeno:</strong></span> <span class='ocrx_word' id='word_1_240' title='bbox 984 3289 995 3310; x_wconf 78' lang='grc' dir='ltr'>ι</span> <span class='ocrx_word' id='word_1_241' title='bbox 1011 3263 1116 3328; x_wconf 77' lang='lat' dir='ltr'><strong>Habes,</strong></span> <span class='ocrx_word' id='word_1_242' title='bbox 1137 3281 1181 3315; x_wconf 88' lang='lat' dir='ltr'><strong>nc·</strong></span> 
     </span>
    </p>
   </div>
   <div class='ocr_carea' id='block_1_9' title="bbox 8 3340 1177 3417">
    <p class='ocr_par' dir='ltr' id='par_1_15' title="bbox 8 3340 1177 3417">
     <span class='ocr_line' id='line_1_30' title="bbox 8 3340 1177 3417; baseline 0.002 -23"><span class='ocrx_word' id='word_1_243' title='bbox 8 3409 9 3417; x_wconf 15' lang='lat'>¹</span> <span class='ocrx_word' id='word_1_244' title='bbox 112 3343 294 3396; x_wconf 63' lang='lat' dir='ltr'><strong>diiatialoco</strong></span> <span class='ocrx_word' id='word_1_245' title='bbox 304 3340 624 3395; x_wconf 66' lang='lat' dir='ltr'><strong>abiturae-Nimium.</strong></span> <span class='ocrx_word' id='word_1_246' title='bbox 668 3341 761 3410; x_wconf 77' lang='lat' dir='ltr'><strong>cepisti</strong></span> <span class='ocrx_word' id='word_1_247' title='bbox 784 3341 926 3412; x_wconf 88' lang='lat' dir='ltr'><strong>colaphum</strong></span> <span class='ocrx_word' id='word_1_248' title='bbox 944 3359 1025 3412; x_wconf 86' lang='lat' dir='ltr'><strong>quem</strong></span> <span class='ocrx_word' id='word_1_249' title='bbox 1048 3341 1177 3406; x_wconf 77' lang='lat' dir='ltr'><strong>materia,</strong></span> 
     </span>
    </p>
   </div>
   <div class='ocr_carea' id='block_1_10' title="bbox 108 3419 1221 4286">
    <p class='ocr_par' dir='ltr' id='par_1_16' title="bbox 110 3419 1221 3968">
     <span class='ocr_line' id='line_1_31' title="bbox 111 3419 940 3488; baseline -0.01 -13"><span class='ocrx_word' id='word_1_250' title='bbox 111 3421 186 3488; x_wconf 79' lang='lat' dir='ltr'><strong>Quaai</strong></span> <span class='ocrx_word' id='word_1_251' title='bbox 202 3441 237 3475; x_wconf 81' lang='lat' dir='ltr'><strong>ex</strong></span> <span class='ocrx_word' id='word_1_252' title='bbox 257 3420 431 3474; x_wconf 80' lang='lat' dir='ltr'><strong>contumacia</strong></span> <span class='ocrx_word' id='word_1_253' title='bbox 445 3419 548 3474; x_wconf 80' lang='lat' dir='ltr'><strong>lenonia</strong></span> <span class='ocrx_word' id='word_1_254' title='bbox 565 3438 625 3471; x_wconf 87' lang='lat' dir='ltr'><strong>rur·</strong></span> <span class='ocrx_word' id='word_1_255' title='bbox 668 3437 743 3472; x_wconf 76' lang='lat' dir='ltr'><strong>terra</strong></span> <span class='ocrx_word' id='word_1_256' title='bbox 755 3419 833 3473; x_wconf 89' lang='lat' dir='ltr'><strong>illum</strong></span> <span class='ocrx_word' id='word_1_257' title='bbox 850 3421 908 3473; x_wconf 89' lang='lat' dir='ltr'><strong>tibi.</strong></span> <span class='ocrx_word' id='word_1_258' title='bbox 929 3446 940 3467; x_wconf 80' lang='lat'>.</span> 
     </span>
     <span class='ocr_line' id='line_1_32' title="bbox 112 3496 1179 3573; baseline -0.001 -18"><span class='ocrx_word' id='word_1_259' title='bbox 112 3496 549 3573; x_wconf 74' lang='lat' dir='ltr'><strong>nauumpenteappareat,quod</strong></span> <span class='ocrx_word' id='word_1_260' title='bbox 559 3498 626 3550; x_wconf 90' lang='lat' dir='ltr'><strong>mul-</strong></span> <span class='ocrx_word' id='word_1_261' title='bbox 721 3505 784 3567; x_wconf 68' lang='lat'><strong>174.</strong></span> <span class='ocrx_word' id='word_1_262' title='bbox 815 3499 840 3552; x_wconf 94' lang='grc'><em>0</em></span> <span class='ocrx_word' id='word_1_263' title='bbox 866 3501 974 3552; x_wconf 75' lang='lat' dir='ltr'><strong>miserum</strong></span> <span class='ocrx_word' id='word_1_264' title='bbox 993 3502 1109 3568; x_wconf 80' lang='lat' dir='ltr'><strong>facinus!</strong></span> <span class='ocrx_word' id='word_1_265' title='bbox 1134 3500 1179 3554; x_wconf 91' lang='lat' dir='ltr'><strong>Sic</strong></span> 
     </span>
     <span class='ocr_line' id='line_1_33' title="bbox 112 3577 1180 3652; baseline 0.001 -20"><span class='ocrx_word' id='word_1_266' title='bbox 112 3593 162 3634; x_wconf 85' lang='lat' dir='ltr'><strong>tum</strong></span> <span class='ocrx_word' id='word_1_267' title='bbox 170 3582 268 3635; x_wconf 83' lang='lat' dir='ltr'><strong>abierit</strong></span> <span class='ocrx_word' id='word_1_268' title='bbox 278 3599 463 3649; x_wconf 75' lang='lat' dir='ltr'><strong>tervuaaquo</strong></span> <span class='ocrx_word' id='word_1_269' title='bbox 475 3577 625 3649; x_wconf 79' lang='lat' dir='ltr'><strong>vapulabat.</strong></span> <span class='ocrx_word' id='word_1_270' title='bbox 669 3577 756 3630; x_wconf 83' lang='lat' dir='ltr'><strong>Rentl.</strong></span> <span class='ocrx_word' id='word_1_271' title='bbox 784 3577 921 3632; x_wconf 89' lang='lat' dir='ltr'><strong>Codd.1n</strong></span> <span class='ocrx_word' id='word_1_272' title='bbox 946 3579 992 3631; x_wconf 92' lang='lat' dir='ltr'><strong>lib.</strong></span> <span class='ocrx_word' id='word_1_273' title='bbox 1016 3581 1097 3652; x_wconf 88' lang='lat' dir='ltr'><strong>antiq.</strong></span> <span class='ocrx_word' id='word_1_274' title='bbox 1116 3581 1180 3633; x_wconf 73' lang='lat' dir='ltr'><strong>iridi·</strong></span> 
     </span>
     <span class='ocr_line' id='line_1_34' title="bbox 112 3656 1221 3730; baseline 0.001 -18"><span class='ocrx_word' id='word_1_275' title='bbox 112 3661 163 3714; x_wconf 83' lang='lat' dir='ltr'><strong>Hic.</strong></span> <span class='ocrx_word' id='word_1_276' title='bbox 176 3663 280 3716; x_wconf 73' lang='lat' dir='ltr'><strong>[cmm</strong></span> <span class='ocrx_word' id='word_1_277' title='bbox 290 3660 381 3730; x_wconf 75' lang='lat' dir='ltr'><strong>digito</strong></span> <span class='ocrx_word' id='word_1_278' title='bbox 393 3657 502 3712; x_wconf 81' lang='lat' dir='ltr'><strong>indicat.</strong></span> <span class='ocrx_word' id='word_1_279' title='bbox 512 3687 551 3700; x_wconf 93' lang='lat'><em>—</em></span> <span class='ocrx_word' id='word_1_280' title='bbox 560 3656 625 3709; x_wconf 85' lang='lat' dir='ltr'><strong>Pro·</strong></span> <span class='ocrx_word' id='word_1_281' title='bbox 667 3677 751 3728; x_wconf 69' lang='lat' dir='ltr'><strong>guum.</strong></span> <span class='ocrx_word' id='word_1_282' title='bbox 762 3689 803 3700; x_wconf 93' lang='lat'><em>-</em></span> <span class='ocrx_word' id='word_1_283' title='bbox 815 3659 865 3710; x_wconf 83' lang='lat' dir='ltr'><strong>Hei</strong></span> <span class='ocrx_word' id='word_1_284' title='bbox 880 3661 1017 3711; x_wconf 75' lang='lat' dir='ltr'><strong>miseriam!</strong></span> <span class='ocrx_word' id='word_1_285' title='bbox 1031 3660 1074 3712; x_wconf 90' lang='lat' dir='ltr'><strong>Sic</strong></span> <span class='ocrx_word' id='word_1_286' title='bbox 1089 3661 1176 3713; x_wconf 87' lang='lat' dir='ltr'><strong>Bentl.</strong></span> <span class='ocrx_word' id='word_1_287' title='bbox 1219 3659 1221 3664; x_wconf 74' lang='grc'><strong>’</strong></span> 
     </span>
     <span class='ocr_line' id='line_1_35' title="bbox 110 3735 1179 3810; baseline -0.001 -16"><span class='ocrx_word' id='word_1_288' title='bbox 110 3743 234 3810; x_wconf 62' lang='lat' dir='ltr'><strong>pudure.</strong></span> <span class='ocrx_word' id='word_1_289' title='bbox 242 3743 325 3794; x_wconf 79' lang='lat' dir='ltr'><strong>Juxta</strong></span> <span class='ocrx_word' id='word_1_290' title='bbox 337 3735 624 3792; x_wconf 71' lang='lat' dir='ltr'><strong>&amp;tunionem—Hem.</strong></span> <span class='ocrx_word' id='word_1_291' title='bbox 668 3735 734 3790; x_wconf 86' lang='lat' dir='ltr'><strong>libb.</strong></span> <span class='ocrx_word' id='word_1_292' title='bbox 750 3738 823 3808; x_wconf 76' lang='lat' dir='ltr'><strong>vulg.</strong></span> <span class='ocrx_word' id='word_1_293' title='bbox 845 3739 894 3790; x_wconf 85' lang='lat' dir='ltr'><strong>Hei</strong></span> <span class='ocrx_word' id='word_1_294' title='bbox 911 3743 996 3791; x_wconf 80' lang='lat' dir='ltr'><strong>misem</strong></span> <span class='ocrx_word' id='word_1_295' title='bbox 1009 3740 1082 3791; x_wconf 80' lang='lat' dir='ltr'><strong>mitt!</strong></span> <span class='ocrx_word' id='word_1_296' title='bbox 1100 3771 1140 3784; x_wconf 90' lang='lat'><em>-</em></span> <span class='ocrx_word' id='word_1_297' title='bbox 1152 3740 1179 3793; x_wconf 90' lang='grc'><em>0</em></span> 
     </span>
     <span class='ocr_line' id='line_1_36' title="bbox 114 3813 1178 3891; baseline -0.002 -17"><span class='ocrx_word' id='word_1_298' title='bbox 114 3821 164 3874; x_wconf 76' lang='lat' dir='ltr'><strong>Vox</strong></span> <span class='ocrx_word' id='word_1_299' title='bbox 179 3821 276 3876; x_wconf 86' lang='lat' dir='ltr'><strong>eathic</strong></span> <span class='ocrx_word' id='word_1_300' title='bbox 291 3814 571 3891; x_wconf 81' lang='lat' dir='ltr'><strong>approbantia,qaati</strong></span> <span class='ocrx_word' id='word_1_301' title='bbox 584 3813 626 3868; x_wconf 91' lang='lat' dir='ltr'><strong>di·</strong></span> <span class='ocrx_word' id='word_1_302' title='bbox 670 3821 780 3868; x_wconf 80' lang='lat' dir='ltr'><strong>miserum</strong></span> <span class='ocrx_word' id='word_1_303' title='bbox 801 3818 926 3884; x_wconf 80' lang='lat' dir='ltr'><strong>socium!</strong></span> <span class='ocrx_word' id='word_1_304' title='bbox 951 3820 1041 3889; x_wconf 82' lang='lat' dir='ltr'><strong>Ejulat</strong></span> <span class='ocrx_word' id='word_1_305' title='bbox 1057 3818 1178 3884; x_wconf 87' lang='lat' dir='ltr'><strong>Sannio,</strong></span> 
     </span>
     <span class='ocr_line' id='line_1_37' title="bbox 112 3894 1178 3968; baseline -0.005 -13"><span class='ocrx_word' id='word_1_306' title='bbox 112 3916 187 3955; x_wconf 77' lang='lat' dir='ltr'><strong>caat:</strong></span> <span class='ocrx_word' id='word_1_307' title='bbox 207 3902 281 3954; x_wconf 77' lang='lat' dir='ltr'><strong>Rene</strong></span> <span class='ocrx_word' id='word_1_308' title='bbox 295 3911 353 3963; x_wconf 60' lang='grc' dir='ltr'><strong>ειη</strong></span> <span class='ocrx_word' id='word_1_309' title='bbox 376 3894 500 3961; x_wconf 72' lang='lat' dir='ltr'><strong>adsistit,</strong></span> <span class='ocrx_word' id='word_1_310' title='bbox 515 3895 625 3948; x_wconf 83' lang='lat' dir='ltr'><strong>utvolo.</strong></span> <span class='ocrx_word' id='word_1_311' title='bbox 669 3913 791 3966; x_wconf 76' lang='lat' dir='ltr'><strong>pugnum</strong></span> <span class='ocrx_word' id='word_1_312' title='bbox 813 3898 880 3949; x_wconf 76' lang='lat' dir='ltr'><strong>servi</strong></span> <span class='ocrx_word' id='word_1_313' title='bbox 900 3910 1080 3968; x_wconf 81' lang='lat' dir='ltr'><strong>expertua.-—</strong></span> <span class='ocrx_word' id='word_1_314' title='bbox 1094 3897 1178 3952; x_wconf 79' lang='lat' dir='ltr'><strong>Gemi·</strong></span> 
     </span>
    </p>

    <p class='ocr_par' dir='ltr' id='par_1_17' title="bbox 146 3973 1181 4054">
     <span class='ocr_line' id='line_1_38' title="bbox 146 3973 1181 4054; baseline -0.006 -20"><span class='ocrx_word' id='word_1_315' title='bbox 146 3980 316 4054; x_wconf 73' lang='lat' dir='ltr'><strong>171.()u.Ut</strong></span> <span class='ocrx_word' id='word_1_316' title='bbox 328 3977 385 4031; x_wconf 84' lang='lat' dir='ltr'><strong>alio</strong></span> <span class='ocrx_word' id='word_1_317' title='bbox 391 3977 481 4030; x_wconf 83' lang='lat' dir='ltr'><strong>vitum</strong></span> <span class='ocrx_word' id='word_1_318' title='bbox 490 3973 624 4044; x_wconf 82' lang='lat' dir='ltr'><strong>conjiciat.</strong></span> <span class='ocrx_word' id='word_1_319' title='bbox 668 3974 750 4040; x_wconf 80' lang='lat' dir='ltr'><strong>nabit,</strong></span> <span class='ocrx_word' id='word_1_320' title='bbox 766 3975 825 4030; x_wconf 77' lang='lat' dir='ltr'><strong>cub.</strong></span> <span class='ocrx_word' id='word_1_321' title='bbox 836 3977 920 4028; x_wconf 90' lang='lat' dir='ltr'><strong>ictum</strong></span> <span class='ocrx_word' id='word_1_322' title='bbox 930 3977 1069 4030; x_wconf 84' lang='lat' dir='ltr'><strong>Parmeno.</strong></span> <span class='ocrx_word' id='word_1_323' title='bbox 1077 4010 1114 4021; x_wconf 83' lang='lat'><strong>-·</strong></span> <span class='ocrx_word' id='word_1_324' title='bbox 1123 3980 1181 4032; x_wconf 77' lang='lat' dir='ltr'><strong>Nisi</strong></span> 
     </span>
    </p>

    <p class='ocr_par' dir='ltr' id='par_1_18' title="bbox 108 4055 1179 4286">
     <span class='ocr_line' id='line_1_39' title="bbox 146 4055 1179 4132; baseline -0.008 -16"><span class='ocrx_word' id='word_1_325' title='bbox 146 4081 202 4132; x_wconf 85' lang='lat'>¹7²-</span> <span class='ocrx_word' id='word_1_326' title='bbox 222 4061 254 4115; x_wconf 73' lang='lat' dir='ltr'><strong>St</strong></span> <span class='ocrx_word' id='word_1_327' title='bbox 270 4064 388 4114; x_wconf 76' lang='lat' dir='ltr'><strong>innuero.</strong></span> <span class='ocrx_word' id='word_1_328' title='bbox 410 4055 521 4114; x_wconf 72' lang='lat' dir='ltr'><strong>Plures,</strong></span> <span class='ocrx_word' id='word_1_329' title='bbox 542 4058 566 4106; x_wconf 68' lang='grc' dir='ltr'><strong>εί</strong></span> <span class='ocrx_word' id='word_1_330' title='bbox 588 4058 625 4106; x_wconf 80' lang='lat' dir='ltr'><strong>in·</strong></span> <span class='ocrx_word' id='word_1_331' title='bbox 669 4075 758 4117; x_wconf 77' lang='lat' dir='ltr'><strong>moes,</strong></span> <span class='ocrx_word' id='word_1_332' title='bbox 783 4055 834 4108; x_wconf 87' lang='lat' dir='ltr'><strong>niai</strong></span> <span class='ocrx_word' id='word_1_333' title='bbox 857 4069 884 4109; x_wconf 90' lang='lat' dir='ltr'><strong>te</strong></span> <span class='ocrx_word' id='word_1_334' title='bbox 908 4057 1052 4110; x_wconf 78' lang='lat' dir='ltr'><strong>contineas.</strong></span> <span class='ocrx_word' id='word_1_335' title='bbox 1072 4086 1111 4097; x_wconf 89' lang='lat'><em>-</em></span> <span class='ocrx_word' id='word_1_336' title='bbox 1128 4057 1179 4110; x_wconf 80' lang='lat' dir='ltr'><strong>Hei</strong></span> 
     </span>
     <span class='ocr_line' id='line_1_40' title="bbox 112 4134 1179 4206; baseline -0.002 -17"><span class='ocrx_word' id='word_1_337' title='bbox 112 4141 266 4196; x_wconf 55' lang='lat' dir='ltr'><strong>amm-Si</strong></span> <span class='ocrx_word' id='word_1_338' title='bbox 277 4145 396 4196; x_wconf 63' lang='lat' dir='ltr'><strong>mutiero.</strong></span> <span class='ocrx_word' id='word_1_339' title='bbox 410 4137 439 4190; x_wconf 83' lang='lat' dir='ltr'><strong>si</strong></span> <span class='ocrx_word' id='word_1_340' title='bbox 452 4147 521 4188; x_wconf 85' lang='lat' dir='ltr'><strong>nutu</strong></span> <span class='ocrx_word' id='word_1_341' title='bbox 532 4134 624 4206; x_wconf 80' lang='lat' dir='ltr'><strong>capitit</strong></span> <span class='ocrx_word' id='word_1_342' title='bbox 669 4138 804 4188; x_wconf 70' lang='lat' dir='ltr'><strong>miseriam!</strong></span> <span class='ocrx_word' id='word_1_343' title='bbox 818 4135 843 4188; x_wconf 93' lang='grc'>0</span> <span class='ocrx_word' id='word_1_344' title='bbox 859 4153 902 4189; x_wconf 86' lang='lat' dir='ltr'><strong>mc</strong></span> <span class='ocrx_word' id='word_1_345' title='bbox 918 4136 1061 4190; x_wconf 71' lang='lat' dir='ltr'><strong>miserum!</strong></span> <span class='ocrx_word' id='word_1_346' title='bbox 1083 4139 1179 4190; x_wconf 87' lang='lat' dir='ltr'><strong>Denuo</strong></span> 
     </span>
     <span class='ocr_line' id='line_1_41' title="bbox 108 4214 882 4286; baseline -0.005 -12"><span class='ocrx_word' id='word_1_347' title='bbox 108 4223 292 4280; x_wconf 77' lang='lat' dir='ltr'><strong>rerba-andum</strong></span> <span class='ocrx_word' id='word_1_348' title='bbox 308 4220 464 4274; x_wconf 74' lang='lat' dir='ltr'><strong>olenoaem</strong></span> <span class='ocrx_word' id='word_1_349' title='bbox 493 4214 624 4285; x_wconf 74' lang='lat' dir='ltr'><strong>significa·</strong></span> <span class='ocrx_word' id='word_1_350' title='bbox 668 4217 826 4286; x_wconf 77' lang='lat' dir='ltr'><strong>percutitur,</strong></span> <span class='ocrx_word' id='word_1_351' title='bbox 878 4242 882 4254; x_wconf 44' lang='lat' dir='ltr'>x</span> 
     </span>
    </p>
   </div>
   <div class='ocr_carea' id='block_1_11' title="bbox 144 4319 968 4406">
    <p class='ocr_par' dir='ltr' id='par_1_19' title="bbox 144 4319 968 4406">
     <span class='ocr_line' id='line_1_42' title="bbox 144 4319 968 4406; baseline 0.002 0"><span class='ocrx_word' id='word_1_352' title='bbox 144 4341 189 4406; x_wconf 89' lang='lat' dir='ltr'><strong>ll.</strong></span> <span class='ocrx_word' id='word_1_353' title='bbox 946 4319 968 4392; x_wconf 82' lang='lat'>3</span> 
     </span>
    </p>
   </div>
   <div class='ocr_carea' id='block_1_12' title="bbox 0 0 1565 5178">
    <p class='ocr_par' dir='ltr' id='par_1_20' title="bbox 0 0 1565 5178">
     <span class='ocr_line' id='line_1_43' title="bbox 0 0 1565 5178; baseline 0 0"><span class='ocrx_word' id='word_1_354' title='bbox 0 0 1565 5178; x_wconf 95' lang='lat' dir='ltr'><strong> </strong></span> 
     </span>
    </p>
   </div>
  </div>
 </body>
</html>
