3064 5180
358 447 425 522 136

590 413 1042 530 runcisrununrn
1067 452 1187 522 Arm

353 589 396 653 ln
414 585 487 670 his,
508 608 591 678 quas
610 586 756 680 primum
776 585 900 666 Caecilti
918 586 1018 662 didici
1038 611 1161 674 novas,

354 693 478 760 Partim
498 716 571 762 sum
588 715 703 764 earum
721 707 874 781 exactus,
897 695 1018 789 partim
1038 693 1093 762 vix
1114 693 1199 763 steti.

354 798 443 886 Quia
464 797 587 866 scibam
605 797 740 868 dubiam
759 800 927 870 fortunam
948 824 1019 910 esse
1037 801 1224 885 scenicam,

355 907 422 998 Spe
434 905 575 992 incerta,
589 921 718 974 certum
732 907 814 975 mihi
829 904 977 976 laborem
994 905 1121 976 sustuli.

355 1011 498 1080 Easdem
514 1035 612 1105 agere
630 1012 731 1107 coepi,
754 1027 792 1081 ut
807 1012 850 1082 ab
869 1012 986 1082 eodem
1002 1012 1081 1083 alias
1096 1012 1256 1082 discerem

356 1120 491 1205 Novas,
509 1117 674 1206 studiose,
693 1143 736 1186 ne
752 1117 843 1187 illurn
866 1119 908 1194 ab
928 1119 1037 1189 studio
1056 1120 1266 1189 abducerem.

357 1223 485 1305 Perfeci
503 1237 541 1292 ut
557 1239 787 1320 spectarentur
808 1244 816 1286 τ
839 1225 898 1294 ubi
918 1240 996 1302 sunt
1013 1228 1168 1322 cognite,

358 1329 491 1407 Placitae
506 1345 584 1400 sunt
598 1354 606 1397 ε
622 1333 669 1400 ita
684 1334 819 1400 Poetam
839 1334 968 1402 restitui
986 1335 1020 1401 in
1042 1331 1173 1421 locum,

294 1503 297 1511 ,
357 1439 466 1533 Prope
480 1437 551 1532 jam
570 1454 735 1508 remotum
752 1439 872 1532 injuria
885 1439 1112 1510 adversaridm

360 1662 362 1666 ’
395 1651 436 1710 14.
453 1651 484 1698 In
498 1649 624 1716 hisquae,
636 1657 688 1700 etc.
701 1646 870 1701 constructio

916 1648 1046 1702 Donatus.
1059 1647 1129 1700 Nam
1142 1647 1189 1700 ubl
1204 1657 1275 1699 certa
1289 1663 1350 1720 spes
1374 1657 1442 1709 est,

356 1724 510 1796 singularia
520 1737 546 1778 et
558 1743 651 1780 sensus
663 1738 717 1780 est:
731 1726 759 1779 in
775 1745 871 1780 comoe-
915 1725 983 1778 nihil
995 1745 1063 1798 opus
1083 1738 1122 1780 est
1135 1726 1228 1779 labore
1244 1738 1319 1783 certo
1338 1745 1370 1779 sc
1391 1743 1440 1778 ve·

357 1803 409 1856 diis
424 1805 527 1874 scriptis
540 1825 554 1858 tt
569 1805 694 1868 Caecilio,
706 1819 733 1858 et
743 1823 810 1878 ques
824 1824 874 1877 ego

357 1883 440 1937 didici
449 1885 575 1956 primum,
586 1885 651 1938 dum
659 1897 745 1938 essent
754 1904 875 1939 nove.—

360 1967 462 2023 Ctscilii,
476 1983 512 2017 sc.
523 1966 619 2018 veteris
632 1978 716 2036 poete
726 1965 823 2018 cornici
834 1984 877 2018 ce·

359 2039 509 2110 leberrimi3
523 2043 618 2117 dequo
630 2045 699 2100 Gell.
709 2045 756 2106 IV,
768 2043 874 2097 sovid.

358 2140 467 2195 quoque
491 2124 519 2177 in
543 2125 678 2196 prooemiis
698 2124 794 2176 nostris
812 2125 893 2177 sori·-

359 2216 432 2274 ptatn
440 2203 475 2257 de
483 2204 531 2257 illo
539 2205 662 2258 versibus
675 2205 877 2276 elegantissimis

358 2281 599 2348 narratiunculam,
612 2302 695 2356 quum
709 2283 879 2338 concinnavit

362 2363 432 2416 inter
452 2376 588 2416 nostrates
606 2363 724 2416 maxime
745 2381 879 2416 commen·

361 2441 484 2508 dandus,
495 2446 635 2504 Andrienx,
646 2444 700 2497 rol.
712 2445 741 2508 Ι,
751 2461 778 2514 p.
787 2461 878 2496 nrxn.

294 2585 298 2592 .
362 2525 544 2588 —Didici,ut
556 2523 706 2577 recitarem.
756 2517 758 2522 ’

402 2601 444 2655 15.
459 2605 580 2654 Partim...
586 2606 689 2671 partim.
701 2604 731 2656 C.
746 2603 781 2656 G.
791 2619 828 2655 m.
840 2621 878 2655 re·

363 2683 428 2753 petit
437 2697 553 2752 parcems
574 2695 601 2735 et
614 2683 705 2738 West.
727 2683 879 2755 suspicatur

361 2765 453 2831 partim
460 2761 562 2816 dicttttn
574 2780 623 2834 pro
629 2777 735 2831 partem,
746 2759 878 2835 ἀρχαῖκῶς.

363 2873 401 2886 -
414 2845 508 2894 Partim
525 2861 616 2898 carram.
636 2844 687 2896 Hic
703 2847 795 2912 partim
818 2861 880 2896 vere

366 2921 519 2974 accusativo
534 2938 597 2974 casu
615 2921 764 2994 reponitur,
781 2933 809 2974 et
819 2921 879 2974 hel-

364 3000 493 3054 lenismus
502 3013 560 3066 est,
575 3012 605 3053 ut
615 3001 713 3054 Grecis
727 3002 792 3054 κατὰ
800 3003 880 3072 μέρος.

366 3113 402 3123 -
416 3085 466 3132 Vix
478 3085 545 3142 steti,
554 3082 600 3134 rix
609 3080 684 3152 potui
696 3080 812 3135 fabulam
825 3098 882 3152 per·

363 3180 451 3234 egere.
461 3161 533 3227 Quid
545 3160 627 3232 igitur
635 3161 743 3224 mirum,
753 3161 775 3213 si
783 3161 881 3213 Teren·

365 3241 404 3295 tio
417 3252 503 3313 poeto
512 3241 540 3292 in
551 3257 603 3292 una
616 3237 729 3305 accidit,
739 3239 813 3313 quod
825 3241 881 3294 ee-

367 3321 430 3374 cilio
447 3321 476 3372 in
490 3317 599 3371 multis?

406 3403 447 3452 16.
470 3402 605 3451 Scenicam.
628 3399 706 3452 Bent.
730 3399 882 3459 manicam

916 1805 1044 1858 hementi.

957 1887 997 1939 18.
1013 1888 1128 1950 Easdem.
1144 1883 1214 1938 Edit.
1236 1885 1319 1938 Prim.
1331 1905 1385 1945 eos.
1400 1915 1440 1924 -

918 1968 1050 2019 Discerem.
1061 1965 1172 2028 Malim,
1187 1966 1224 2018 sit
1234 1965 1354 2019 Wester.
1366 1980 1391 2016 et
1403 1967 1440 2015 ab

920 2049 974 2097 eod.
988 2049 1024 2097 al.
1044 2049 1152 2110 discere,
1170 2045 1213 2098 vel
1224 2044 1253 2097 in
1267 2063 1335 2097 vers.
1355 2061 1399 2114 19,
1415 2042 1439 2096 sl

919 2125 979 2196 quis
994 2126 1112 2178 tuebitur
1131 2125 1270 2178 lectionem
1286 2125 1441 2196 vulgatam,

920 2207 970 2255 sion
990 2207 1057 2255 illum
1077 2207 1109 2254 ab
1127 2207 1206 2255 studio
1230 2208 1388 2256 addiscerem.
1400 2234 1441 2245 —

920 2287 1039 2349 Easdem,
1049 2301 1085 2336 sc.
1093 2294 1204 2337 exactas.
1213 2315 1249 2325 -
1260 2289 1293 2336 Ut
1300 2287 1332 2335 ab
1342 2288 1441 2350 codem,

922 2373 972 2415 etc.
993 2362 1031 2415 Ut
1049 2381 1152 2434 sperare
1166 2363 1234 2416 mihi
1248 2362 1342 2417 liceret
1350 2381 1441 2416 novae

920 2455 1013 2514 postea
1026 2441 1142 2514 agendas
1160 2444 1233 2506 fore3
1251 2447 1284 2494 ab
1295 2446 1382 2494 eodem
1398 2455 1442 2496 est

920 2540 971 2594 pro
979 2524 1096 2592 ejrtsdem.
1304 2526 1306 2530 ’

961 2619 1001 2669 19.
1013 2605 1053 2653 Ne
1062 2606 1098 2654 r'll.
1113 2601 1191 2655 Both.
1202 2621 1257 2653 nec.
1265 2631 1301 2642 -
1312 2604 1440 2666 Studiose,

921 2680 992 2733 reler
1001 2679 1033 2733 ed
1045 2687 1187 2749 agere-A
1195 2684 1286 2748 studio,
1295 2681 1441 2734 scribendi.

921 2789 957 2801 -
966 2764 1136 2821 Abducerem,
1146 2759 1310 2814 deterrerem
1320 2799 1329 2825 ,
1347 2781 1441 2815 remo·

922 2856 1022 2892 rerem.

961 2938 1002 2972 ro.
1012 2921 1114 2986 Perfeci.
1124 2917 1187 2972 Plus
1199 2932 1238 2973 est
1246 2923 1399 2992 quamfecr',
1414 2932 1442 2974 et

923 2998 1006 3052 moles
1018 2997 1183 3052 difficultatis
1196 2999 1355 3053 ostenditur.
1363 3029 1399 3041 ·-
1412 3007 1444 3051 lJt

924 3091 1100 3147 spectarentur.
1111 3077 1224 3150 Supple‚
1233 3093 1259 3130 et
1265 3093 1293 3130 ut
1298 3082 1441 3146 probaren-

924 3158 1059 3222 ζωὴ-ΠΜ
1068 3171 1124 3208 sunt
1132 3161 1247 3224 cognita,
1258 3162 1359 3210 Placicoe
1373 3173 1441 3212 sunt.

924 3238 1037 3308 Elegens
1051 3237 1191 3310 promissio
1206 3249 1232 3290 et
1245 3238 1315 3290 lianc
1326 3239 1443 3309 placitu·

924 3337 982 3370 ram
995 3318 1018 3370 si
1030 3329 1214 3389 cognoscatur.
1228 3323 1295 3369 Dos.

963 3417 1005 3451 21.
1016 3403 1046 3448 In
1056 3400 1145 3448 locum.
1154 3395 1245 3449 Guelf.
1255 3396 1281 3460 3,
1288 3395 1353 3454 add.
1363 3417 1443 3451 surim.
1526 3401 1527 3406 ’

365 3658 382 3690 e
396 3636 499 3690 Latinis
511 3637 536 3688 in
547 3652 561 3686 e
574 3635 697 3707 produci.
711 3641 772 3689 Perl.
786 3669 820 3678 —
830 3641 881 3688 Du-
927 3635 1077 3708 prestitisse
1098 3653 1153 3685 non
1164 3633 1212 3685 nni
1230 3634 1334 3686 homini
1353 3635 1444 3688 videa-

368 3719 453 3779 bt'am,
467 3713 548 3768 modo
562 3714 671 3788 quidem
684 3716 880 3780 turbulentam,
926 3721 1064 3767 tus-‚Dona
1098 3715 1248 3764 -liestitui
1259 3719 1285 3766 in
1304 3718 1397 3768 locum.
1412 3717 1446 3767 In

368 3797 451 3851 modo
478 3808 566 3848 autem
588 3797 673 3868 magis
696 3795 830 3869 placidam
857 3808 882 3849 et
927 3795 1069 3868 pristinum
1083 3806 1181 3847 statum
1196 3807 1222 3847 et
1241 3794 1445 3848 estimationem

369 3876 485 3931 melioris
498 3876 562 3948 spei.
925 3874 1031 3926 reduxi.

408 3975 449 4028 17.
466 3961 512 4024 Spe
534 3959 642 4018 incerta,
658 3967 707 4009 etc.
720 3956 775 4008 Etsi
789 3957 882 4006 incerta
964 3973 1006 4006 aa.
1023 3956 1205 4005 Adversarium.
1214 3952 1278 4004 Mes.
1288 3951 1347 4007 duo
1358 3959 1446 4006 adver-

369 4057 424 4106 φο,
450 4049 540 4088 tamen
560 4051 652 4088 certum
671 4039 780 4087 laborem
797 4047 883 4088 suetu—
927 4038 1059 4086 sariorum.
1079 4063 1110 4071 -·-
1124 4033 1445 4104 1njuria,iniqttitate.-—

370 4115 400 4184 li,
418 4113 497 4168 subii.
520 4112 682 4168 sententiose
701 4126 726 4168 et
745 4135 822 4180 rere,
846 4116 884 4168 ait
928 4115 1170 4185 Aulersaririm,pro
1184 4115 1390 4166 adversariorum.

366 3479 442 3552 quod
462 3479 573 3550 entique
598 3478 726 3549 scriptum
750 3475 880 3530 defendit.
926 3507 961 3519 -
975 3483 1083 3527 Poetam.
1123 3476 1161 3528 ire
1174 3494 1230 3528 non
1240 3476 1387 3540 Caecilium,
1397 3476 1445 3531 sed

367 3562 494 3612 Attamen
509 3569 612 3610 constat
624 3557 766 3620 aliunde,n
779 3555 881 3610 Grecis
923 3571 1031 3626 poetam.
1051 3473 1153 3846 Ufoe
1167 3555 1326 3626 generaliter
1339 3557 1444 3629 populo
