3058 5170
541 491 814 562 TERENTH.
1139 494 1210 584 ‘267

139 637 256 692 patuere.
282 618 356 672 Nihil
376 618 466 674 aderat
486 618 652 694 adjumenti,
697 618 1209 689 Gn.1mmonihil,niaiapemmetam‚

138 699 187 752 Ph.
214 699 271 764 85,
294 699 357 752 ιο5.
377 699 487 753 —hoo
507 701 575 754 nihil
595 713 650 766 eat,
694 701 746 836 ssh.
762 704 816 766 80,
833 704 895 766 )46.
913 697 1035 751 —nihil
1052 699 1207 766 fecitnovi,

138 777 277 832 Phaednia:
294 779 383 848 ilioet,
403 779 453 833 ΡΙ).
470 783 534 835 008.
548 811 589 824 -
600 780 651 834 ho·
717 782 745 834 h.
761 779 836 851 475,
849 778 948 851 paaaim
959 777 1031 832 alibi.

138 877 199 913 rum
209 859 279 912 nihil
288 857 435 930 quidquam
446 858 548 914 accidet
559 861 651 916 animo
733 861 808 915 Nihil
821 879 873 932 pro
889 861 965 922 Nm,-
981 859 1049 912 nihil
1062 858 1128 914 iatao
1141 879 1208 931 opua

138 955 256 1004 novum,
276 938 325 992 Ph.
349 939 411 993 250.
436 942 542 1012 -jam
561 939 651 999 adole·
695 953 736 996 eat
754 954 808 994 arte
820 939 854 994 ad
872 940 943 994 hano
957 957 1030 1006 rena,
1045 939 1080 992 A.
1103 938 1147 994 30.
1169 971 1207 984 --

139 1017 222 1072 tuenti
232 1017 303 1072 nihil
313 1032 366 1084 est,
380 1018 458 1091 quod
469 1038 651 1086 succenseam,
693 1020 762 1076 nihil
781 1019 937 1074 circuitione
956 1037 1021 1072 naua
1037 1036 1073 1074 ea.
1087 1014 1207 1095 irrideo?

138 1099 187 1152 Ph.
205 1097 273 1154 36).
286 1099 404 1153 -nihil
419 1112 470 1164 est,
489 1118 564 1172 toque
577 1098 651 1171 quod
693 1100 763 1156 nihil
782 1118 826 1154 me
838 1099 925 1170 fallis,
940 1101 975 1152 A.
994 1117 1067 1164 aua,
1087 1105 1151 1160 206.
1169 1131 1208 1144 -

138 1173 233 1232 inciam
251 1178 346 1232 lubens
357 1218 366 1244 ,
382 1175 432 1233 Ρ6.
454 1180 518 1244 564.
532 1212 569 1222 -
582 1179 650 1234 nihil
692 1181 745 1234 nisi
760 1199 805 1242 ea.
820 1199 879 1251 qun
891 1179 959 1232 nihil
972 1197 1039 1250 opus
1051 1191 1113 1234 aunt
1124 1179 1204 1246 scire,

139 1270 193 1322 eat,
210 1257 346 1330 Antipho,
361 1259 444 1331 quin,
460 1260 508 1312 ΡΙ).
529 1259 596 1328 695.
610 1291 652 1302 -
690 1259 730 1332 ¹A.
754 1259 820 1314 338.
839 1288 879 1304 -
893 1259 965 1322 illio,
983 1258 1029 1312 ubi
1050 1257 1119 1312 nihil
1140 1277 1208 1328 opua

137 1335 203 1390 nihil
221 1335 255 1389 ad
274 1338 343 1390 hano
358 1357 416 1391 rem
438 1353 495 1404 est,
512 1338 652 1413 Antipho,
694 1352 747 1400 eat,
762 1340 801 1392 ibi
812 1352 952 1404 verentur,
966 1339 997 1390 Α.
1014 1341 1078 1402 640.
1089 1370 1129 1386 .-
1143 1357 1206 1409 ego,

137 1417 187 1470 Ph.
200 1417 264 1470 860.
277 1450 315 1462 -—
326 1418 423 1470 horum
437 1418 482 1472 ille
493 1418 561 1471 nihil
575 1437 650 1490 egre·
694 1419 761 1490 quid
774 1438 847 1490 agas,
862 1417 930 1471 nihil
943 1419 1081 1488 intelligo,
1094 1420 1127 1473 A.
1141 1419 1206 1488 739.

137 1497 179 1568 gie
190 1493 325 1551 studebat.
338 1491 414 1550 Nihil
423 1498 557 1568 auspicans
570 1497 650 1552 etiam
693 1527 733 1539 -
744 1499 814 1552 nihil
825 1516 875 1551 noa
886 1497 933 1550 dos
942 1511 1044 1556 movet,
1058 1497 1124 1553 Heu.
1141 1505 1207 1566 940.

137 1575 218 1634 mali,
233 1576 269 1630 A.
285 1578 337 1642 58,
355 1581 419 1630 ))6.
433 1577 552 1648 -quid
563 1577 651 1632 Davus
694 1608 733 1621 -
754 1577 821 1632 nihil
837 1575 926 1632 audio.
945 1577 1000 1630 Mn.
1018 1575 1063 1630 Ad
1079 1596 1122 1632 ute
1136 1579 1205 1630 reci·

136 1653 247 1710 narrati
264 1655 389 1709 nihilne?
409 1657 482 1712 hem.
501 1651 554 1710 Da.
575 1650 650 1709 Nihil
692 1658 739 1728 pio
757 1675 764 1710 :
781 1658 867 1712 saciet.
881 1657 931 1710 Cu.
946 1655 1022 1710 Nihil
1033 1656 1112 1713 etium
1126 1655 1205 1710 audio

136 1753 264 1808 prorsus,
276 1733 311 1789 Δ.
329 1734 396 1818 436.
412 1767 453 1776 -
466 1749 545 1808 atque
556 1731 650 1808 aliquit
692 1737 800 1808 ipaum,
817 1735 882 1790 Hea.
905 1735 993 1802 1058,
1015 1735 1097 1806 1059,
1116 1767 1156 1780 -
1173 1749 1205 1792 ut

137 1814 223 1879 dicat,
242 1813 311 1868 nihil
329 1817 516 1885 promoverit,
528 1817 560 1868 Δ.
582 1819 649 1879 64).
692 1817 822 1870 aionmea
836 1828 980 1886 cuperent,
993 1816 1061 1870 nihil
1077 1816 1128 1870 tibi
1142 1835 1204 1887 pos·

137 1927 176 1937 —
185 1893 255 1946 nihil
269 1892 373 1948 dedisse
387 1895 533 1948 verborum
548 1907 651 1962 tamen,
692 1908 750 1948 aeut
762 1895 927 1956 auxiliariae.
939 1894 993 1950 Ad.
1015 1904 1079 1966 ²7⁴·
1088 1897 1206 1955 -nihit

137 1975 191 2028 Eu.
224 1980 270 2039 ²⁴l·
293 2005 333 2018 -
354 1987 483 2028 amatores
506 1974 650 2028 mulierum
693 1974 826 2029 cessavisti
843 1992 929 2045 utque
944 1973 1049 2040 adhuc,
1067 1976 1118 2029 He.
1139 1975 1204 2040 544.

136 2072 191 2107 ease
211 2052 349 2107 audieram
371 2071 416 2108 eoa
437 2054 582 2108 maximoe:
603 2053 648 2108 aed
692 2074 788 2110 -noa
796 2054 988 2109 nostroofficio
997 2054 1066 2108 nihil
1076 2053 1205 2126 digressos

135 2131 207 2186 nihil
227 2146 351 2204 potesse,
370 2131 421 2186 Eu.
444 2137 511 2188 666.
526 2164 566 2175 -
580 2134 649 2187 nihil
693 2153 764 2198 ease,
778 2135 827 2187 ΡΙ).
844 2152 911 2206 7)).

135 2213 186 2268 tibi
201 2211 348 2284 quidquam
359 2211 455 2279 credo,
469 2215 523 2266 Eu.
536 2216 649 2269 883-
732 2213 860 2276 Νϋιίἱωη,
873 2215 941 2267 ittuo
955 2215 1000 2270 uba
1014 2226 1040 2270 te
1054 2214 1154 2270 laetum
1164 2215 1206 2270 ni·

134 2293 249 2346 humani
263 2293 332 2346 nihil
347 2311 361 2346 a
379 2312 422 2347 me
436 2293 552 2347 alienum
565 2305 649 2364 puto,
691 2294 741 2348 hili
761 2292 923 2365 penderem,
936 2295 987 2348 Eu.
1008 2301 1055 2363 94.
1072 2327 1113 2338 --
1129 2307 1206 2366 pater

134 2372 200 2428 Hea.
218 2391 266 2443 77.
280 2403 321 2416 --
337 2390 410 2426 nuno
425 2372 495 2427 nihil
508 2373 590 2446 magia
603 2392 649 2426 ve·
692 2373 715 2426 ia
730 2373 809 2428 nihili
822 2372 932 2446 pendit,
952 2372 1004 2428 Ad.
1020 2373 1087 2434 653.
1103 2405 1144 2418 -
1158 2375 1204 2430 aed

134 2471 212 2517 reor,
224 2471 305 2523 quam
320 2470 372 2516 ne,
388 2452 453 2506 Hea.
471 2471 535 2524 ¹97·
551 2483 590 2493 -
606 2452 649 2506 ui·
692 2453 777 2506 nihilo
789 2454 873 2508 secius
883 2471 946 2506 mox
957 2452 1079 2508 delerent
1089 2473 1203 2526 puerum

134 2533 174 2586 hil
194 2551 251 2586 ease
269 2532 354 2596 mihi,
369 2531 463 2604 religio
484 2543 523 2586 eat
543 2530 649 2595 dicere,
691 2533 745 2586 huo
758 2546 818 2588 ante
831 2533 946 2598 ostium,
960 2535 992 2586 A.
1009 2534 1205 2588 sou-nihilo

133 2611 201 2665 Hea.
221 2611 284 2666 228.
300 2612 406 2666 -heri
427 2612 473 2684 qui
486 2624 590 2665 tuntum
607 2613 649 2666 bi·
692 2613 752 2684 plue
771 2631 847 2684 agas,
867 2630 948 2683 quam
968 2613 988 2666 ai
1006 2612 1054 2668 dea
1075 2633 1205 2684 operam,

134 2692 217 2746 beria.
236 2692 287 2746 Cn.
306 2691 380 2746 Nihil
400 2691 489 2744 nimia.
509 2692 557 2746 Str.
573 2693 649 2746 Nihil
692 2706 736 2754 ut,
758 2693 809 2746 Eu.
829 2705 877 2763 97.
896 2725 936 2734 --
951 2703 979 2744 ut
998 2711 1071 2746 nuno
1087 2693 1204 2746 interim.

133 2772 247 2826 narrata?
258 2772 323 2826 Hea.
338 2771 405 2842 5)9,
418 2774 480 2826 520.
492 2784 570 2826 -at
583 2773 649 2826 mihi
692 2772 740 2826 Sx.
760 2771 851 2826 Nihilo
871 2772 971 2843 magia,
993 2771 1060 2826 flea.
1079 2773 1146 2842 377.
1165 2805 1203 2816 -

133 2850 204 2906 fides
214 2851 287 2924 apud
296 2852 370 2905 hunc
382 2865 434 2919 est,
444 2851 512 2907 nihil
522 2871 565 2906 me
574 2851 649 2906 iatius
691 2852 778 2906 nihilo
786 2853 875 2906 minua
884 2870 934 2924 ego
941 2852 993 2906 600
1001 2851 1096 2906 faciam
1106 2865 1205 2918 tamen,

134 2933 284 2999 facturum,
301 2931 365 2985 Heu.
383 2931 450 3000 57).
465 2962 506 2974 -
520 2934 649 3006 quamob-
691 2932 757 2986 flea.
775 2939 857 2997 1014.
876 2963 915 2980 -ι
933 2949 994 3002 9οω
1009 2945 1150 2986 consecuta
1166 2946 1206 2987 est

132 3032 193 3068 rem
214 3012 299 3075 istuc,
325 3011 413 3082 Syre?
433 3029 496 3064 nam
519 3031 649 3084 pronaum
691 3031 762 3078 nox,
776 3031 835 3066 eam
849 3012 936 3066 nihilo
950 3011 1048 3083 magia,
1066 3011 1116 3066 He.
1139 3013 1203 3085 137.

133 3092 205 3146 nihil
220 3091 440 3164 intelligo,'llea.
457 3092 648 3162 776.-nihil
692 3111 798 3146 -non
816 3092 868 3145 hoo
885 3091 918 3144 de
937 3091 1022 3144 nihilo
1040 3103 1097 3158 est,
1116 3093 1204 3164 quod,

133 3171 191 3226 vidi
213 3172 361 3244 quidquam
382 3171 483 3237 letina,
505 3169 557 3226 Ad.
581 3171 647 3243 367.
691 3169 740 3225 He.
762 3191 830 3243 7²7·
845 3205 887 3216 -··
905 3168 952 3224 aed
971 3190 1002 3224 ea
1022 3189 1099 3226 cauta
1118 3172 1205 3228 nihilo

132 3285 176 3296 -
198 3252 268 3323 qui,
294 3251 347 3306 niti
374 3249 449 3323 quod
478 3251 534 3322 ipse
565 3251 648 3318 iecit,
692 3250 1015 3323 magisdeiecimus,Ph‘.
1031 3255 1205 3322 dvm-oui

133 3331 203 3386 nihil
223 3345 328 3387 rectum
344 3343 442 3402 putat,
460 3329 510 3384 Ad.
535 3351 594 3385 100.
607 3363 649 3375 -
691 3331 782 3384 minua
795 3331 881 3384 nihilo
893 3329 953 3384 eat?
966 3330 1016 3386 Ph.
1034 3330 1204 3396 534.-ι)6ἰ

132 3411 205 3466 nihil
225 3412 298 3465 enim
313 3409 369 3465 vidi
384 3411 495 3476 melius,
508 3412 546 3464 mi
556 3423 649 3484 pater,
691 3409 1013 3466 thdrieaeoatenderet
1018 3412 1107 3475 nihilo
1118 3413 1207 3470 minus

133 3491 188 3546 Ad.
208 3495 277 3562 906.
295 3525 319 3534 -
351 3504 409 3544 tunt
428 3503 458 3546 tu
478 3490 562 3564 igitur
580 3491 650 3544 nihil
692 3492 892 3559 amicnmeaaa,
905 3490 955 3544 ΡΙ).
975 3489 1042 3560 596.

132 3571 247 3627 attulisti
270 3572 324 3626 huo
347 3569 409 3642 pluo
429 3590 482 3624 una
500 3569 650 3626 tentantia?
731 3573 791 3636 Nil,
806 3590 857 3643 pro
870 3571 960 3632 Nina,-
975 3570 1049 3642 quod
1063 3571 1134 3628 vide.

131 3650 185 3706 He.
200 3655 316 3718 46).-
325 3650 392 3704 nihil
403 3651 449 3722 pol
456 3653 512 3722 jam
522 3670 564 3704 rea
578 3651 649 3707 iataeo
733 3653 869 3714 Nimirum·
884 3651 1013 3707 nimirum
1028 3653 1072 3705 hic
1085 3653 1207 3708 homines

132 3732 202 3787 mihi
226 3731 372 3802 voluptatis
390 3730 562 3796 ierunt‚He.
582 3731 649 3800 593.
693 3731 815 3803 frigent,
843 3732 893 3784 Eu.
921 3733 987 3786 268.
1014 3764 1054 3775 —
1078 3733 1206 3788 nimirum

132 3845 174 3856 -
187 3811 261 3866 dabo
278 3810 482 3884 jusjurandum,
501 3810 571 3864 nihil
593 3829 649 3864 esee
692 3811 766 3864 dubit
793 3811 849 3865 haec
874 3811 956 3864 Thais
980 3811 1047 3866 mihi
1077 3831 1205 3883 magnum

131 3895 266 3954 istorum,
289 3891 420 3958 tibi‚He.
440 3893 507 3962 697.
525 3890 649 3943 -nihil
692 3891 815 3952 malum,
842 3892 896 3944 Eu.
926 3891 988 3945 508.
1016 3921 1054 3934 —-
1078 3892 1205 3948 nimitum

131 3970 210 4044 apud
223 3991 268 4026 me
282 3971 332 4025 tihi
347 3969 440 4035 defieri
455 3970 555 4044 patiant
569 3970 649 4042 quin,
692 3970 836 4027 consilium
858 3968 926 4025 illud
947 3983 1051 4026 rectum
1074 3983 1134 4038 eat,
1155 3973 1205 4026 Eu.

132 4051 227 4125 quod,
250 4051 299 4106 He.
326 4052 392 4122 768.
413 4082 453 4095 -
474 4064 563 4106 noster
585 4050 649 4104 mali
694 4051 760 4122 783.

132 4133 203 4187 nihil
219 4131 366 4204 quidquam
383 4131 483 4204 primo.
502 4131 564 4186 Non
579 4129 648 4184 mul·
732 4131 829 4194 Nimis,·
842 4144 916 4184 utne
928 4129 995 4200 quid
1003 4129 1101 4196 nimia,
1112 4130 1205 4190 titii.

133 4225 195 4269 tum
218 4211 322 4278 hahet,
347 4210 420 4284 quod
442 4210 509 4277 det,
531 4211 648 4265 sortasse.
692 4242 733 4254 -
752 4211 830 4266 nimia
846 4229 890 4264 me
907 4207 1050 4280 indulgeo,
1067 4210 1119 4265 Eu.
1142 4231 1205 4268 aaa.
