3016 5182
352 469 429 572 304
583 481 768 550 PUBLH
795 482 1055 553 rensuum
1083 481 1206 552 triu

352 621 395 689 G.
423 586 563 686 «Uxori
584 613 725 684 emenda
746 610 901 684 ancillula
915 617 972 703 ’st3
993 629 1063 684 tum
1087 630 1198 685 autem
1221 612 1374 711 pluscula

352 720 563 820 Supellectile
583 745 668 816 opus
684 736 751 812 est;
773 745 859 817 opus
874 735 925 792 est
943 737 1079 817 sumptu
1101 722 1144 791 ad
1160 724 1304 819 nuptias.
1382 743 1421 786 sos

353 833 415 902 llis
436 830 536 899 rebus
556 853 644 924 pone
663 853 762 911 sene,
781 830 906 924 inquit,
925 827 1050 900 decem.
1071 857 1089 894 o

352 939 420 1008 Dr.
442 939 622 1007 Sexcentas
641 936 788 1031 pr'oinde'
799 936 934 1006 scribito
948 934 1018 1029 jum
1037 935 1120 1004 mihi
1138 934 1238 1006 dicas.

353 1043 410 1114 Nil
430 1043 474 1113 do
496 1068 504 1110 :
531 1044 716 1138 impuratus
738 1066 793 1112 me
807 1040 863 1112 ille
883 1057 922 1112 ut
941 1043 1042 1112 etiam
1060 1040 1215 1111 irrideat?

353 1154 419 1221 Cu.
439 1152 581 1240 Quaeso,
601 1173 664 1244 ego
682 1148 787 1238 daho,
810 1150 967 1244 quiesce:
987 1163 1023 1218 tu
1043 1147 1144 1218 modo
1160 1147 1248 1219 lilius

353 1261 420 1327 Fec
438 1271 477 1327 ut
493 1255 584 1325 illam
600 1255 720 1343 ducat,
739 1279 917 1350 nosquam
932 1253 1100 1326 volumus.
1114 1256 1152 1324 A.
1169 1256 1232 1324 Hei
1250 1252 1351 1326 mihil
1390 1279 1431 1334 ⁶7.

354 1367 458 1452 Geta,
477 1363 625 1433 occidisti
643 1387 698 1432 me
717 1363 783 1432 tuis
801 1360 947 1440 hllaciis.
993 1363 996 1370 ’

353 1475 419 1542 Cn.
439 1472 518 1540 Mea
534 1493 633 1540 causa
648 1469 794 1563 ejicitur,
810 1495 864 1538 me
881 1469 947 1538 hoc
963 1481 1012 1537 cst
1028 1490 1160 1562 aequum
1175 1468 1344 1540 amittere.

354 1579 398 1648 G.
420 1579 625 1667 «Quantum
643 1589 757 1671 potes,
773 1599 828 1644 me
845 1576 1037 1662 certiorem,
1055 1575 1180 1669 inquit,
1200 1573 1294 1664 face,
1330 1601 1334 1609 ·

353 1686 389 1754 Si
406 1683 496 1754 illum
512 1684 613 1772 dant,
630 1682 719 1752 hanc
733 1695 773 1752 ut
789 1683 937 1768 mittam3
959 1705 1003 1750 ne
1024 1681 1171 1750 incertus
1185 1681 1280 1752 siem.

387 1925 449 1990 664.
471 1925 615 1986 Ancillula,
634 1925 757 1992 piusmla.
777 1921 869 1994 Pergit
912 1919 1009 1975 sabulis
1022 1920 1140 1992 aptando
1151 1922 1217 1988 iata,
1235 1924 1312 1997 quasi
1330 1927 1367 1980 ita
1383 1947 1430 1982 ne·

350 2003 518 2058 diminutivis
527 2001 678 2054 nominibus
691 2001 741 2068 uti,
754 2020 810 2074 qno
819 2001 868 2054 mi-
910 2019 982 2054 cesse
1000 2001 1086 2068 foret,
1102 2013 1149 2056 aut
1162 2014 1234 2057 certe
1252 2020 1431 2078 peropportu.

351 2103 446 2139 norem
459 2081 540 2135 iaciat
549 2081 761 2153 impatientiam.
910 2099 986 2134 num.
997 2081 1129 2154 Demipho
1140 2097 1167 2137 et
1178 2084 1307 2139 Chremes
1314 2087 1359 2140 hic
1367 2106 1431 2142 con·

388 2167 451 2216 666.
472 2168 539 2213 Pone
564 2179 635 2215 sane.
655 2159 724 2226 Alii,
742 2178 805 2211 sans
820 2163 874 2227 poi
911 2161 1053 2228 feruntur,
1071 2173 1102 2215 ut
1127 2162 1157 2216 in
1181 2162 1284 2219 Andria
1305 2165 1381 2220 Simo
1404 2181 1430 2221 et

351 2263 391 2295 ne.
413 2272 451 2284 -
470 2246 569 2293 Decem.
581 2239 663 2311 Vul'g.
688 2237 753 2292 add.
778 2241 868 2291 minas.
912 2241 1048 2296 Chremes.
1061 2246 1162 2296 Boeeler.
1175 2248 1339 2312 -Quiesce,
1353 2251 1429 2301 man·

351 2319 581 2376 Abestaduobus
591 2317 666 2371 Bent.
679 2316 761 2372 codd.
775 2319 869 2369 —His
912 2321 996 2393 quillo
1012 2321 1048 2374 sis
1062 2321 1160 2375 animo.
1220 2336 1225 2345 ‘

351 2403 432 2455 rebus.
445 2399 487 2454 hd
501 2418 532 2454 ea
542 2396 631 2452 omnia
642 2395 869 2469 comparanda.-
947 2403 1007 2469 670.
1021 2399 1100 2454 Hunc
1117 2418 1224 2455 versum
1239 2414 1350 2457 testatur
1363 2405 1428 2458 Lin-

352 2488 433 2543 Pone,
444 2478 556 2534 destina.
571 2507 603 2522 -
615 2483 688 2528 Sane.
702 2477 775 2530 Bene
789 2495 868 2536 sanes
912 2478 1030 2534 denbr.a
1045 2492 1106 2534 vett.
1121 2480 1203 2535 codd.
1214 2483 1429 2538 theme-Illam

352 2560 430 2632 quasi
440 2559 499 2631 plus
510 2554 637 2629 quiddam
646 2557 749 2628 exigat,
759 2554 806 2610 sed
815 2555 868 2635 hoc
912 2579 938 2626 q.
953 2564 1075 2616 uolumus.
1091 2563 1220 2636 Intelligit
1232 2564 1318 2620 filiam
1334 2585 1427 2634 suum,

351 2652 491 2695 contentus
505 2638 545 2690 sit.
555 2642 647 2689 Donat.
728 2693 737 2702 ,
911 2638 978 2694 clam
990 2641 1017 2694 in
1026 2644 1128 2696 lemno
1139 2657 1308 2715 susceptam
1328 2659 1357 2700 et
1369 2665 1428 2700 esm

376 2720 449 2790 ³667.
464 2720 570 2769 Proinde
582 2719 690 2769 scribito.
699 2716 765 2772 Mes.
775 2715 867 2772 West.
911 2720 1106 2774 esaePhenium
1114 2723 1235 2779 nondum
1242 2727 1427 2799 uterquescie·

352 2812 380 2854 et
395 2797 437 2852 ed.
452 2799 521 2868 1469
531 2835 540 2861 ‚
551 2799 658 2849 Proinde
667 2801 746 2866 potius
758 2800 867 2849 scribito.
911 2800 987 2854 bant.

351 2912 386 2921 -
395 2885 529 2930 Sexcentas
540 2880 660 2944 proinde,
672 2889 722 2931 eto.
732 2877 868 2948 Magnitu·
947 2882 1011 2951 671.
1019 2885 1089 2942 Geta,
1100 2903 1152 2938 oce.
1160 2895 1210 2937 etc.
1216 2884 1314 2938 Secum
1325 2905 1428 2959 semper

349 2958 413 3012 dine
442 2974 553 3011 summm
587 2956 714 3011 excitatus
746 2957 867 3009 clamat:
911 2960 1030 3034 loquitur
1045 2962 1164 3035 Antipho
1180 2963 1409 3037 indignabundus.

351 3041 570 3108 «Quascumque
597 3050 625 3090 et
649 3047 781 3108 quotquot
803 3035 870 3090 relit
947 3043 1008 3112 ⁶7²·
1029 3046 1089 3093 Mea
1110 3062 1195 3096 cama.
1209 3046 1311 3118 Nempe
1325 3058 1357 3099 ut
1369 3066 1427 3102 mea

352 3118 495 3172 calumnias
508 3115 574 3170 mihi
591 3129 618 3170 et
636 3135 727 3171 cauam
743 3117 869 3170 Phormio
911 3119 966 3173 lilia
985 3134 1031 3174 tuo
1048 3119 1105 3174 lilio
1120 3123 1270 3195 Antiphoni
1287 3127 1379 3181 nubat.
1391 3157 1427 3168 —

354 3196 462 3252 indicet.
474 3221 486 3244 ι
500 3225 536 3237 -
546 3199 667 3259 Scribito,
683 3193 804 3250 intendat
817 3193 869 3249 ille.
911 3199 1027 3268 Ejicitur,
1039 3201 1126 3273 suppl.
1136 3201 1180 3256 illa
1194 3203 1378 3259 Phanium.-
1387 3211 1427 3258 tle

351 3303 389 3323 .-
398 3279 475 3328 Dieas
484 3313 493 3339 ‚
505 3275 573 3328 lites.
912 3281 958 3330 hoc
972 3293 1009 3332 est
1022 3301 1120 3348 oequum
1130 3287 1206 3338 omitt.
1219 3285 1298 3338 llatio
1308 3305 1358 3340 cur
1369 3287 1427 3359 ipse

388 3356 449 3408 668.
469 3361 611 3424 Impurams
634 3357 688 3409 ille.
717 3352 868 3408 Sceleratus
911 3358 1006 3435 viginti
1026 3360 1091 3414 dare
1110 3360 1206 3417 debeat
1227 3365 1330 3433 minas,
1348 3365 1426 3420 dante

352 3436 414 3500 ille3
424 3435 546 3508 loquitur
560 3434 593 3488 de
604 3433 774 3488 Phormione.
788 3465 823 3474 -
838 3441 870 3485 Ut
912 3438 1082 3510 Demiphoue
1092 3439 1195 3495 decem.
1204 3449 1298 3496 Βοηαι.

352 3518 462 3568 irrideat.
475 3515 588 3587 intellig.
604 3515 697 3570 fierine
714 3524 817 3586 potest,
838 3525 869 3567 ut
948 3519 1010 3587 673.
1028 3526 1121 3588 Quane.
1128 3537 1207 3589 potes.
1219 3523 1264 3575 Sic
1280 3523 1329 3577 lib.
1341 3525 1424 3596 antiq.

354 3592 476 3647 irrideat.
911 3596 940 3649 in
950 3596 1177 3668 Bemh.q.potesr.
1189 3601 1424 3670 -IrrqnicSimu·

388 3675 449 3743 669.
472 3677 574 3739 Quare,
592 3692 640 3742 ego
660 3677 741 3734 dabo,
763 3676 867 3742 quiesce.
910 3678 949 3732 lat
969 3677 1037 3734 Geta
1054 3697 1164 3752 pergere
1183 3679 1321 3754 loquendo
1340 3683 1425 3736 Phor-

352 3755 462 3824 Semper
488 3764 567 3822 poeta
597 3771 703 3806 morum
732 3753 866 3826 tripictis
911 3757 1036 3812 mionem.

353 3829 739 3902 comparationemoderatioris
747 3833 869 3900 instituti,
948 3839 1012 3909 676.
1036 3843 1143 3893 mmm.
1166 3839 1233 3907 Atii,
1250 3844 1367 3892 onutmm.
1388 3871 1426 3882 -

352 3922 494 3983 temperat:
507 3910 870 3984 iracundoplecidumtimi-
912 3922 1003 3985 illari,
1022 3920 1103 3975 scilic.
1120 3919 1264 3974 Phanium.
1282 3951 1318 3960 -
1338 3926 1426 3984 Hane,
1457 3971 1464 3991 Ι

351 3989 387 4043 do
402 4001 565 4044 constantem
578 4009 759 4063 componens;
770 3992 868 4066 idque,
911 4017 1008 4072 nempe
1018 4019 1097 4072 quam
1106 4000 1233 4055 Phormio
1243 4000 1295 4054 sihi
1306 4017 1427 4071 spontem

348 4088 403 4122 non
424 4081 528 4124 tentum
550 4068 682 4125 varietati·
704 4091 798 4141 causa,
820 4074 867 4130 aed
911 4098 968 4133 esse
989 4099 1025 4134 ex
1048 4094 1199 4137 commento
1217 4081 1292 4137 Getre
1309 4081 1424 4136 dixisset.

347 4149 427 4202 etiam
449 4148 485 4203 ad
508 4163 697 4222 argumentum
721 4164 748 4206 et
766 4151 867 4210 exitum
912 4159 953 4213 Cl.
968 4179 1007 4215 vs.
1021 4161 1081 4216 656.
