3026 5184
283 529 506 601 HECYRA.
535 531 646 600 ACT.
668 533 745 616 1v‚.
761 533 830 601 SC.
853 535 920 603 IV.
1070 530 1138 605 205

91 671 210 741 Ceusen’
223 681 255 736 te
273 689 371 762 posse
386 666 532 761 reperire
551 665 652 736 ullam
673 665 865 754 mulierem,

90 779 159 866 Qua
171 788 277 845 careat
292 770 392 868 culpa
409 769 425 842 i
442 796 484 840 an
501 773 578 867 quia
598 799 668 842 non
683 772 881 869 delinquunt
896 777 959 843 viri
974 774 989 844 l

91 887 140 952 Pu.
156 884 290 951 Vosmet
305 872 418 949 videte
429 879 521 973 jam,
541 880 673 969 Lache,
695 895 730 950 et
744 896 781 950 tu
797 880 987 976 Pamphile,

89 989 250 1058 Remissan'
268 1011 355 1082 opus
375 987 417 1056 sit
431 984 550 1073 vobis,
579 986 750 1056 reductan’
767 977 917 1058 domum.
1100 1017 1139 1056 sss

3 1143 5 1184 3
89 1097 167 1166 Uxor
180 1093 258 1190 quid
277 1093 394 1180 faciat,
413 1094 447 1160 in
464 1116 565 1161 manu
582 1118 651 1163 non
669 1107 720 1163 est
737 1119 822 1163 mea.

3 1279 7 1294 ,.
87 1205 194 1271 Neutra
211 1202 246 1270 in
263 1225 300 1268 re
321 1198 416 1270 vohis
437 1198 615 1269 difficultas
635 1224 655 1269 a
675 1225 730 1269 me
751 1202 824 1270 erit.

3 1399 4 1406 p
88 1307 140 1378 Sed
155 1306 232 1402 quid
252 1306 412 1377 faciemus
432 1303 566 1401 puero?
585 1309 647 1376 La.
669 1305 822 1377 Ridicule
841 1331 948 1402 rogas.

87 1413 241 1509 Quidquid
255 1413 407 1483 futurum
423 1410 481 1496 ἐι,
505 1411 586 1482 huic
604 1437 702 1482 suum
718 1413 836 1483 reddas
853 1414 994 1502 scilicet,

3 1589 5 1598 .
87 1524 123 1590 Ut
133 1519 256 1590 alamus
269 1533 433 1590 nostrum.
454 1520 545 1587 Paos.
561 1520 671 1608 Quem
686 1519 757 1615 ipse
775 1519 919 1616 neglexit
934 1533 1043 1617 pater,
1102 1545 1141 1599 σγα

3 1609 5 1638 ⁵
85 1631 143 1723 Ego
157 1625 272 1696 alam?
290 1629 356 1696 La.
374 1624 466 1714 Quid
483 1616 591 1694 dixti?
604 1625 688 1712 eho,
715 1650 758 1695 an
771 1651 839 1695 non
858 1625 1004 1714 alemus,
1043 1631 1140 1699 Pam·

3 1791 5 1800 ,
227 1731 319 1829 phile
327 1730 350 1806 Ρ,

3 1905 5 1932 .
85 1841 251 1910 Prodemus
265 1863 379 1934 quaeso
398 1836 538 1935 potius?
558 1862 631 1932 quae
651 1839 723 1909 haec
739 1842 883 1910 amentia
902 1837 975 1912 est!

3 1939 5 2000 l
85 1948 165 2017 lnim
179 1972 262 2017 vero
278 1969 416 2042 prorsus
427 1945 496 2040 jam
513 1959 624 2014 tacere
642 1970 712 2014 non
729 1971 826 2041 queo.

85 2056 155 2124 llam
169 2055 264 2150 cogis
282 2077 338 2138 ea,
362 2077 434 2146 quae
452 2050 549 2137 nolo,
568 2066 605 2121 ut
625 2067 786 2145 praesente
803 2055 870 2124 hoc
888 2052 1016 2149 loquar.

3 2183 5 2254 ζ
83 2163 226 2257 lgosrum
246 2183 363 2229 censes
381 2173 514 2228 tuarum
532 2157 755 2230 lacrumarum
775 2185 845 2230 esse
863 2185 916 2232 me
934 2158 950 2228 l
1104 2178 1142 2230 ⁶⁷⁵

3 2277 5 2348 i
83 2313 175 2367 lucenti
189 2311 320 2381 mulieri)
337 2329 416 2365 causa
435 2323 474 2364 est
486 2309 520 2364 de
532 2310 584 2363 hac
667 2313 729 2381 669.
751 2315 903 2381 Qur'dq.fiit.
920 2327 961 2365 est
974 2313 1036 2368 Sive
1045 2334 1144 2388 nempe

3 2391 5 2418 l
83 2410 114 2458 re,
125 2403 207 2445 mater
217 2403 244 2444 te
254 2391 397 2462 impulit.»
629 2389 1143 2454 reducturussitdomumuxorem,sive

68 2519 72 2530 ,
108 2474 163 2524 662.
180 2476 266 2524 Ullam
282 2473 418 2524 mulierem.
440 2469 523 2535 Quasi
543 2467 584 2522 di·
630 2488 693 2524 non.
703 2475 820 2535 -Hur'c,
833 2470 982 2543 Pamphilo.

81 2551 228 2617 cat,sihanc
237 2549 430 2622 repudiaveris.
665 2552 797 2632 670.Ipse.
812 2553 881 2605 Don.
896 2553 946 2619 ipse
961 2555 1056 2622 etipsa
1070 2553 1144 2624 legit,

3 2675 5 2696 1
108 2631 164 2686 663.
175 2636 217 2684 An
230 2631 294 2698 quia
302 2649 353 2682 non
362 2633 410 2682 del.
420 2630 471 2681 vir.
480 2627 584 2682 Gallice
629 2647 744 2702 quorum
755 2631 861 2703 utrique
870 2649 945 2684 suam
956 2631 1017 2686 add.
1027 2635 1142 2708 explica·

80 2707 108 2762 sd
117 2709 226 2764 litteram
237 2721 376 2764 verteres:
389 2735 402 2756 ι
412 2714 512 2762 estcesl
525 2707 584 2761 dire
629 2711 904 2765 tionem-Nostrum.
912 2711 1145 2784 Pamphilidam,

78 2807 125 2861 que
143 2789 184 2844 les'
201 2790 327 2844 hommes
344 2789 418 2843 n’cnt
437 2788 529 2862 jamnis
550 2786 584 2841 ds
630 2800 753 2861 nepotem
763 2807 862 2856 meum,
871 2802 1016 2863 utrumque
1024 2809 1143 2846 nostrum.

3 2885 4 2914 t
78 2868 172 2922 tas-ts?-
184 2869 214 2924 si
227 2881 321 2922 antem
336 2887 387 2922 nec
400 2869 451 2940 ipsi
464 2867 587 2922 visisunt
631 2900 666 2909 -
676 2875 756 2924 Pater.
766 2871 809 2935 Is,
828 2870 959 2924 nescimus
972 2871 1049 2941 quis,
1062 2889 1078 2925 a
1090 2891 1145 2944 quo

3 2953 5 3020 ζ
77 2948 198 3002 humunes
212 2949 329 3017 coulpe,
339 2961 440 3021 quanto
454 2948 537 3020 magis
547 2949 585 3001 le·
630 2947 790 3003 Philumena
807 2949 895 3001 fuerat
914 2967 1080 3022 compressu
1093 2951 1146 3005 vid.

3 3075 5 3098 3
77 3027 161 3082 mdo
171 3029 307 3082 mulieres.
630 3045 702 3100 supr.
715 3027 848 3099 571.Haec
862 3029 944 3082 verba
960 3031 1145 3085 obmurmurat

3 3113 4 3150 t
107 3110 166 3163 665.
183 3109 332 3160 Remissan'.
352 3107 412 3160 Lib.
432 3119 485 3162 ant.
504 3109 587 3160 nmis·
630 3108 784 3179 Pamphilus
794 3145 801 3170 ,
811 3108 912 3162 scilicet
924 3109 1146 3164 vixaususlidem

3 3191 4 3250 f
75 3207 131 3240 sesi.
144 3187 581 3240 —uedrresan'.1tedu0tam.1nsl.
629 3186 728 3239 silentii
741 3185 832 3240 datam
851 3188 965 3241 solvere.

3 3295 4 3346 3
75 3266 132 3319 libb.
144 3285 192 3338 per
204 3287 220 3318 n
229 3267 257 3319 in
267 3266 337 3330 fine,
348 3277 378 3318 ut
390 3267 440 3334 sit,
458 3269 507 3320 Do.
524 3284 585 3319 aar·
635 3335 639 3338 -
663 3269 725 3337 671.
739 3272 794 3335 Ego
808 3271 898 3318 clama²
918 3267 976 3320 Hoc
989 3267 1104 3339 erumpit
1113 3288 1146 3324 ex

3 3347 5 3402 i
74 3360 161 3412 note,
173 3350 324 3409 mabsam,
344 3350 487 3398 redirctane.
503 3344 585 3411 Quod
628 3346 718 3400 animo
732 3347 831 3400 affectu
845 3347 955 3414 fortius3
974 3358 999 3399 et
1013 3365 1098 3401 causa
1109 3361 1148 3401 est

3 3437 4 3442 ’
75 3439 216 3498 unumque
233 3424 345 3498 quidam
363 3425 435 3478 adid.
451 3443 498 3496 per
516 3444 584 3498 apo·
633 3444 681 3480 cur
692 3437 765 3498 pater
772 3426 913 3480 invehatur
925 3427 954 3479 in
964 3426 1146 3499 Pamphilum.

3 3535 4 3559 r
74 3507 322 3579 stroph.remissan¹‚
337 3507 475 3557 redactan'.
495 3535 526 3546 -
543 3510 589 3555 lle·
669 3509 729 3576 674.
747 3511 780 3556 Ut
795 3525 870 3574 praes.
886 3508 933 3557 lico
951 3509 1003 3572 loq.
1026 3505 1149 3560 Ostendit

3 3593 5 3654 3
73 3590 155 3652 niara,
169 3584 202 3639 ad
216 3603 289 3639 suos.
302 3615 337 3624 —
349 3587 470 3648 deducta,
487 3583 588 3647 advos,
635 3597 723 3657 poeta,
736 3584 835 3637 aflectu
846 3585 966 3648 ulterius,
974 3603 1055 3656 quam
1065 3584 1149 3649 decet,

3 3703 5 3728 .
73 3663 184 3739 supple,
199 3665 370 3718 Philumena.
634 3663 746 3736 provehi
757 3681 862 3727 senem,
875 3662 922 3716 sed
933 3683 995 3716 cum
1005 3664 1150 3720 confessio·

3 3747 5 3800 ἶ
103 3748 169 3799 666,
185 3749 256 3796 Uxor
265 3765 290 3811 q.
295 3745 395 3812 saciat.
409 3741 442 3794 In
453 3759 534 3815 quam
548 3741 591 3794 ni·
635 3761 669 3796 ne
679 3754 798 3803 morata,
817 3761 877 3815 qua
890 3742 973 3814 patris
991 3743 1110 3798 officium
1120 3747 1149 3800 in

3 3835 5 3894 3
57 3824 171 3878 'mirum
187 3843 295 3878 omnem
309 3822 459 3876 contulerat
476 3823 590 3892 culpam.
635 3819 754 3894 tegendis
763 3819 833 3892 apud
848 3821 914 3875 alios
927 3821 1045 3875 liliorum
1056 3825 1149 3877 erratis
1179 3811 1181 3822 ¹

3 3907 5 3952 i
72 3905 113 3958 cf.
122 3923 166 3957 vs.
175 3905 304 3957 632.-1n
317 3921 406 3964 manu,
414 3901 443 3953 in
452 3913 589 3973 potestate.
634 3901 788 3956 declararet.
799 3900 869 3955 Add.
882 3921 921 3955 vs.
929 3920 990 3971 71²·
1002 3905 1078 3954 Boecl.

104 3987 169 4052 667.
181 3988 277 4037 Neutra
296 3986 323 4034 in
343 4003 385 4044 re,
401 3980 452 4034 hoe
468 3993 521 4045 est,
533 3982 589 4034 slve
673 3981 737 4052 675.
756 3985 934 4033 Taarnmlacr.
945 3997 1011 4052 quas
1023 3981 1152 4051 scripse,

72 4065 231 4126 remittatur,
238 4064 297 4117 sive
305 4061 450 4116 reducatur
459 4060 593 4114 Philume-
637 4059 683 4114 sed
697 4062 814 4114 Sostrata
834 4057 1053 4131 deprehenderat.
1070 4059 1151 4114 -Et

3 4163 4 4174 ¹
72 4161 120 4210 aa,
134 4142 268 4216 promittit
281 4159 359 4195 suam
374 4139 539 4194 facilitatem.
630 4145 669 4195 'ex
677 4139 722 4192 his
740 4139 866 4212 lacrymis
876 4137 984 4210 conjicit
995 4139 1079 4190 amari
1095 4157 1151 4194 me-

104 4223 168 4276 ⁶⁶8.
183 4224 295 4276 difficule
305 4257 314 4286 ,
326 4237 391 4274 sane
402 4237 451 4290 per
460 4220 554 4274 risum.
638 4219 762 4274 retricem
776 4238 791 4272 a
806 4217 957 4291 Pamphilo.
