3026 5184
390 495 756 568 PHORMPROL.
888 520 893 527 ·
1035 491 1102 585 237
1214 533 1216 538 ·

92 643 165 730 Quum
181 663 236 734 por
250 635 428 708 tumultum
445 650 559 705 noster
578 656 659 728 grex
675 643 785 699 motus
806 626 946 712 loco’st‚

90 749 162 833 Quem
177 746 290 814 actoris
311 745 418 813 virtus
440 742 535 811 nobis
553 738 696 809 restituit
715 734 826 804 locum

88 853 241 946 Bonitasque
260 864 372 920 vostra
394 848 545 942 adjurans
566 861 665 939 atque
684 841 920 937 aequanimitas.

84 1040 199 1100 rennuit
206 1039 339 1092 fortunam
348 1056 481 1092 accurare.
488 1045 553 1090 Dan.
598 1040 667 1096 titul.
680 1058 738 1112 pag.
751 1039 816 1103 230,
833 1052 890 1091 not.
903 1057 944 1092 ro.
955 1039 1006 1092 Hic
1021 1050 1109 1092 tamen

107 1119 137 1172 32.
147 1125 188 1170 Per
199 1121 335 1171 multum.
344 1117 460 1170 Videtur
471 1118 555 1189 reepi·
598 1121 641 1194 agi
657 1119 692 1172 de
710 1119 814 1190 Hecyra
835 1123 967 1192 repughnt
981 1120 1111 1174 Dacieria.

84 1197 175 1249 enotata
186 1195 314 1269 Hecyrae,
330 1195 471 1268 oujnorid.
485 1196 554 1249 Prol.
599 1233 631 1242 -
656 1203 748 1250 Noster
767 1216 842 1266 grex.
865 1200 991 1250 Actorum
1015 1212 1111 1252 turma.

84 1276 314 1348 hquehooinoauoa
325 1287 430 1342 eat‚cur
442 1273 554 1328 ineditt.
598 1310 632 1319 -
651 1283 733 1328 Motus
752 1280 807 1328 loon
818 1281 853 1328 'su
868 1276 1014 1332 Theatrum
1036 1278 1113 1332 dese·

83 1374 117 1406 nor
130 1354 224 1426 quidem
239 1355 364 1407 omnihus
382 1365 556 1426 postponatur
600 1375 659 1410 rere
672 1369 779 1410 coactura
792 1367 838 1409 eet.

83 1433 126 1486 hnic
139 1434 223 1487 tenuta
238 1433 373 1486 Phormio.
391 1432 471 1498 Quod
491 1451 556 1486 vero
636 1437 680 1491 33.
695 1437 801 1486 Actoris.
812 1434 867 1500 Qui
882 1435 1003 1488 excluaua
1017 1437 1111 1500 toties,
1224 1455 1227 1469 ·

82 1513 157 1566 iuuene
171 1511 278 1577 dehere,
290 1513 354 1566 hine
367 1512 446 1566 etiam
459 1515 556 1565 Donat.
601 1515 721 1568 animum
732 1530 787 1565 non
800 1514 944 1586 abjecerit,
966 1513 1013 1567 aed
1026 1533 1114 1586 perae·
1205 1515 1208 1522 ’

83 1591 399 1665 precipuemnjioiebat.-
408 1597 559 1645 Pereumuh.
602 1595 731 1650 voraverit
757 1610 855 1663 ogeru
885 1592 946 1646 ideo
965 1594 1055 1648 virtue.
1078 1627 1113 1634 -—

83 1670 255 1734 Qniroeiderat,
265 1675 348 1743 quu'm
357 1683 515 1744 spectatorea
525 1669 559 1722 de
604 1679 678 1740 Quem
691 1667 821 1726 100.Bene
835 1671 957 1744 repetivit
969 1673 1056 1726 locum
1066 1712 1073 1734 ‚
1085 1687 1114 1724 ut

83 1748 177 1804 sedilibus
190 1749 381 1824 disceptarent,
400 1764 447 1805 aut
459 1750 558 1813 aliam,
604 1753 748 1826 ἀμφιΰολίαν
759 1755 856 1806 vitun-et
866 1771 874 1806 ε
884 1771 918 1806 ne
928 1771 1007 1824 quem
1019 1754 1115 1806 tumut-

84 1829 146 1894 otfit,
161 1831 295 1903 ejuumodi
300 1833 384 1886 rixam
397 1833 558 1885 movissent:
603 1846 660 1887 tum
672 1832 762 1888 dinen-e
770 1832 913 1886 videretur.
926 1838 989 1884 Dora.

82 1907 176 1963 inanem
184 1911 289 1965 advenit
298 1931 380 1984 quum
391 1911 561 1964 exhiberetur
640 1912 682 1976 34.
691 1917 850 1981 Bonitasque.
861 1912 893 1964 In
902 1913 1027 1966 omnibus
1038 1932 1116 1985 gene·

83 1987 173 2059 fletum,
187 2001 211 2043 et
230 1992 279 2045 iata
292 1991 421 2046 Phormio
436 1991 560 2054 sonasse,
605 1991 696 2045 raliter
715 1995 803 2048 nehus.
826 2023 861 2034 -
876 1995 1065 2060 AEq‘room‘nu'tas.
1082 1995 1113 2044 ln

82 2071 216 2142 queuepiua
228 2070 281 2127 huit
298 2071 386 2135 sach,
410 2083 440 2124 ut
461 2069 561 2124 indicat
604 2071 755 2142 spectando.

183 2173 192 2198 0
